1795 3081
517 59 843 110 EPISTOLA
879 62 1174 112 DXXXVII.
1470 64 1566 112 253

109 185 280 237 scripsi,
312 183 428 236 quod
459 183 762 236 exspectabam
794 188 890 221 tuas
921 183 1073 220 literas
1104 182 1158 221 ad
1189 196 1276 234 eas,
1306 197 1411 236 quas
1438 183 1491 223 ad
1522 190 1564 224 te

108 240 252 294 pridie
297 239 514 278 dederam.
581 238 891 290 Exspectabam
940 244 1084 275 autem
1121 241 1308 277 maxime
1353 238 1405 278 de
1446 241 1563 290 fano,

106 295 307 334 nonnihil
339 297 469 333 etiam
500 292 552 332 de
583 293 807 332 Terentia.
867 293 1015 332 Velim
1054 306 1121 332 ine
1160 296 1296 332 facias
1324 295 1563 334 certiorem

107 352 319 404 proximis
350 351 507 399 literis,
540 348 615 387 Cn.
647 348 825 400 Caepio,
855 346 1075 386 Serviliae
1106 347 1280 386 Claudii
1311 356 1448 401 pater,
1493 351 1561 388 vi-

104 419 219 445 vone
250 412 374 458 patre
403 417 480 442 suo
511 404 742 458 naufragio
774 404 974 455 perierit,
1012 416 1067 440 an
1095 409 1292 451 mortuo;
1337 405 1441 443 item
1472 404 1562 443 Ru-

104 462 203 500 tilia
233 462 394 499 xivone
425 460 470 500 C.
504 458 647 507 Cotta,
688 458 780 496 filio
819 471 913 507 suo,
953 464 1130 496 mortua
1165 459 1235 508 sit,
1273 471 1328 496 an
1369 465 1559 498 mortim.

105 516 332 554 l'ertinent
383 513 438 553 ad
486 526 585 552 eum
633 513 812 563 librum,
872 525 1000 565 quem
1053 512 1105 552 de
1151 513 1276 552 luctu
1323 513 1559 553 minuendo

104 572 372 624 scripsimus.

243 660 560 709 EPISTOLA
595 660 890 709 DXXXVII.
946 658 1028 718 (ad
1062 658 1176 706 Div.
1210 656 1295 706 IX.
1331 660 1428 718 11.)

243 748 323 783 ser.
351 749 507 782 Asturae
532 760 661 783 mense
689 748 826 782 martio
853 748 895 782 A.
923 749 967 782 U.
997 748 1036 781 c.
1063 750 1145 783 709.
1194 752 1242 785 (a.
1271 747 1311 780 e.
1339 749 1415 787 45.)

101 820 317 866 Respondet
342 819 576 859 Dolabellae,
605 820 671 863 qui
697 831 735 853 se
763 819 808 853 de
834 818 984 852 Tulliae
1013 825 1136 852 morte
1162 818 1340 851 nuntium
1368 819 1557 865 accepisse

272 873 307 903 et
335 868 534 902 Ciceronis
561 869 690 901 literas
718 867 932 900 desiderare
961 867 1256 915 significaverat.
1286 869 1388 902 1—2.

552 938 727 972 CICERO
762 938 1106 974 DOLABELLAE.

210 1000 298 1040 Vel
328 1012 423 1039 meo
454 1000 589 1052 ipsius
619 1000 805 1038 interitu
836 999 1010 1037 mallem
1042 999 1193 1038 literas
1233 1012 1350 1038 meas
1388 998 1556 1039 deside-

101 1069 239 1105 rareS,
270 1068 397 1107 quam
428 1068 478 1093 eo
511 1067 626 1104 casu,
659 1068 742 1106 quo
774 1068 868 1092 sum
898 1055 1157 1108 gravissime
1187 1056 1394 1094 afflictus:
1427 1068 1553 1107 quem

101 1115 265 1150 ferrem
297 1116 415 1148 certe
445 1109 728 1159 moderatius,
760 1110 796 1146 si
827 1115 868 1147 te
899 1109 1118 1148 haberem.
1186 1109 1301 1148 Nam
1332 1116 1375 1148 et
1407 1112 1552 1149 oratio

100 1173 176 1206 tua
205 1164 396 1218 prudens
427 1171 469 1203 et
497 1177 623 1202 amor
659 1177 764 1219 erga
793 1177 861 1203 me
891 1165 1127 1219 singularis
1155 1165 1342 1203 multum
1372 1166 1556 1206 levaret.

102 1220 189 1261 Sed
217 1221 423 1272 quoniam
454 1220 579 1258 brevi
603 1225 816 1272 tempore,
848 1226 898 1257 ut
927 1220 1077 1272 opinio
1108 1226 1259 1259 nostra
1289 1226 1366 1270 est,
1398 1227 1439 1259 te
1461 1234 1556 1260 sum

100 1279 291 1325 risurus,
322 1276 384 1313 ita
415 1288 482 1313 me
512 1276 716 1313 affectum
755 1273 961 1324 offendes,
1000 1281 1050 1313 ut
1087 1276 1274 1313 multum
1310 1289 1333 1313 a
1377 1282 1418 1315 te
1457 1290 1557 1328 pos-

103 1334 185 1370 sim
225 1331 395 1369 iuvari.-
437 1342 523 1367 non
559 1342 644 1381 quo
688 1331 750 1368 ita
787 1331 869 1367 sim
908 1332 1088 1380 fractus,
1132 1335 1181 1368 ut
1217 1336 1292 1368 aut
1334 1330 1556 1370 hominem

100 1400 170 1425 me
200 1398 290 1424 esse
321 1385 484 1422 oblitus
514 1385 594 1422 sim
625 1390 701 1423 aut
740 1387 943 1424 fortunae
980 1383 1348 1424 succumbendum
1376 1392 1556 1438 putem3

99 1441 176 1481 sed
206 1447 349 1479 tamen
379 1439 581 1477 hilaritas
611 1440 690 1478 illa
719 1446 869 1478 nostra
900 1446 942 1478 et
972 1442 1177 1490 suavitas,
1216 1453 1325 1493 quae
1355 1446 1398 1480 te
1428 1455 1556 1494 prae-

192 1555 225 1587 2.
276 1557 358 1586 tuas
383 1555 510 1587 literas
535 1554 593 1594 ad,
620 1552 740 1586 Deine
767 1553 943 1586 Antwort
968 1555 1042 1587 auf.
1069 1572 1114 1579 --
1141 1552 1288 1597 defunc>
1306 1554 1456 1588 Tulliae
1481 1555 1554 1588 eri-

101 1600 237 1649 gendo.
276 1619 322 1625 -—
360 1602 420 1634 Cn.
457 1601 646 1635 Servilius
681 1602 825 1645 Caepio,
863 1601 930 1644 qui
967 1613 1052 1634 cum
1080 1601 1118 1643 Q.
1148 1603 1288 1635 Marcio
1314 1603 1495 1647 Philippo
1522 1615 1552 1639 a.

99 1652 168 1684 555
195 1649 328 1681 consul
354 1650 436 1684 fuit.
482 1648 566 1681 Vid.
594 1648 699 1682 Brut.
729 1660 760 1681 c.
787 1650 845 1689 20,
874 1651 929 1683 78.
973 1649 1050 1682 Cat.
1080 1652 1113 1683 5.
1139 1652 1170 1684 5.
1207 1651 1291 1683 Liv.
1317 1650 1455 1693 XLIII,
1494 1654 1552 1684 11.

99 1717 146 1722 —
174 1698 321 1730 Claudii
345 1697 427 1729 scil.
454 1697 593 1731 uxoris.
630 1697 741 1730 Etwa
776 1696 838 1730 des
865 1696 1007 1741 Appius
1035 1697 1213 1732 Claudius
1242 1698 1420 1739 Pulcher,
1459 1699 1553 1732 wel-

101 1745 196 1778 cher
222 1747 289 1779 611
316 1745 385 1777 mit
412 1744 450 1786 Q.
480 1744 587 1777 Caec.
618 1744 760 1778 Metell.
789 1744 930 1777 Consul
955 1747 1059 1778 war?
1085 1762 1131 1770 -—
1158 1747 1311 1786 Rutilia,
1348 1747 1383 1779 P.
1412 1745 1552 1779 Rutilii

102 1804 218 1826 soror.
254 1792 337 1825 Vid.
375 1793 476 1826 Brut.
514 1803 545 1824 c.
581 1794 636 1827 29.
679 1794 888 1825 CORRAD.
931 1791 1016 1840 Vgl.
1046 1805 1102 1838 ep.
1129 1795 1211 1835 540,
1239 1795 1272 1828 2.
1320 1795 1357 1827 P.
1386 1793 1551 1827 Rutilius

101 1841 241 1884 Lupus,
267 1841 306 1873 L.
334 1839 426 1872 Iulii
452 1839 598 1886 collega
626 1839 667 1872 in
695 1840 891 1872 consulatu
918 1843 1000 1879 66³4,
1027 1841 1170 1874 bellum
1197 1841 1334 1874 sociale
1356 1842 1480 1887 gessit,
1508 1842 1553 1874 in

102 1899 176 1930 quo
202 1887 328 1931 periit.
369 1887 448 1920 Vid.
478 1888 537 1921 Or.
566 1888 673 1920 Font.
704 1889 756 1922 15.
793 1906 839 1911 -
874 1888 908 1922 C.
937 1889 1115 1922 Aurelius
1146 1891 1274 1930 Cot-ta,
1310 1891 1378 1924 679
1405 1889 1552 1928 consul,

102 1947 147 1968 ex
182 1936 381 1968 consulatu
417 1935 457 1967 in
493 1935 660 1968 Galliam
700 1936 893 1979 profectus
929 1937 1039 1970 nullo
1076 1942 1181 1970 certo
1216 1935 1325 1970 hoste
1361 1937 1550 1981 triumphi

102 1982 308 2026 cupiditate
340 1982 528 2029 flagravit,
565 1984 672 2015 cuius
707 1995 810 2026 spem
847 1984 881 2016 ei
910 1995 1012 2016 mors
1039 1984 1146 2018 brevi
1172 1983 1323 2017 ademit.
1375 1983 1551 2018 Summus

101 2030 233 2063 aetatis
270 2042 355 2063 suae
389 2037 516 2063 orator
550 2030 743 2063 inducitur
781 2031 976 2075 disputans
1015 2032 1060 2065 (le
1096 2033 1179 2065 Nat.
1208 2033 1320 2065 Deor.
1348 2032 1449 2066 Libr.
1477 2032 1550 2064 ΙΙΙ.

101 2079 173 2111 cfr.
203 2077 302 2110 Orat.
331 2078 360 2119 1,
387 2080 419 2112 8.
448 2079 515 2120 ΠΙ,
543 2081 574 2112 3.
601 2079 704 2111 Brut.
733 2082 788 2113 90.
828 2079 974 2113 Verrin.
1002 2080 1069 2117 ΙΙΙ,
1096 2082 1127 2115 7.
1165 2079 1315 2113 Caecin.
1342 2082 1387 2115 33
1415 2085 1450 2113 et
1477 2085 1550 2113 cet,

99 2144 146 2150 -—
171 2138 219 2158 an
245 2132 387 2158 mortuo
414 2132 559 2159 mortua
589 2132 653 2160 est.
704 2125 852 2170 Quippe
880 2139 975 2170 quae
1003 2127 1118 2160 illum
1146 2128 1185 2160 in
1213 2127 1392 2160 exsilium
1418 2127 1467 2160 sit
1494 2140 1551 2161 se-

101 2177 187 2205 cuta
213 2179 250 2206 et
273 2179 402 2217 postea
430 2174 629 2207 reductum
656 2174 810 2207 fortiter
835 2175 1016 2208 amiserit.
1058 2175 1141 2208 Vid.
1169 2174 1301 2208 Senec.
1338 2175 1383 2207 ad
1418 2175 1552 2208 Helvi-

101 2220 202 2252 diam
228 2232 259 2254 c.
289 2224 344 2256 16.
373 2222 474 2256 SCH.
514 2221 649 2255 Cicero
676 2222 780 2268 legte
807 2221 890 2254 dem
920 2223 1084 2264 Attikus,
1119 2222 1292 2256 weleher
1322 2222 1390 2255 der
1424 2222 1550 2255 Romi-

100 2266 217 2300 schen
257 2269 446 2302 Familien
480 2280 518 2302 so
552 2269 700 2316 kundig
734 2281 827 2309 war,
862 2270 941 2303 dass
977 2281 1018 2303 er
1050 2270 1149 2303 nach
1182 2270 1332 2304 Cornel.
1366 2270 1471 2310 XXV,
1508 2273 1552 2305 18

101 2315 220 2347 deren
248 2315 478 2351 Gesehichte
505 2317 708 2365 sorgl'ziltig
733 2317 1013 2360 aufzeichnete,
1039 2318 1139 2352 'oster
1164 2317 1294 2352 solche
1320 2317 1550 2352 historische

99 2362 250 2408 Fragen
275 2375 356 2397 vor.

242 2424 585 2457 DOLABELLAE.
625 2423 662 2458 S.
690 2436 738 2457 zu
767 2435 824 2468 ep.
852 2423 968 2457 DXIX
994 2425 1046 2457 im
1075 2424 1158 2457 Ans.

198 2473 228 2504 1.
281 2483 320 2504 eo
346 2484 440 2512 casu,
477 2472 529 2503 als
555 2484 692 2519 wegen
728 2471 790 2505 des
817 2472 979 2512 Unfalls,
1008 2472 1088 2505 dass
1113 2471 1239 2506 Tullia
1265 2471 1464 2521 gestorben
1491 2471 1548 2505 ist.

99 2537 147 2544 —
172 2522 205 2552 si
238 2524 273 2550 te
306 2519 386 2552 hab.
434 2519 584 2553 Welch'
625 2519 686 2552 ein
723 2519 1005 2562 Compliment!
1056 2519 1164 2552 Auch
1201 2520 1253 2552 im
1292 2519 1549 2565 peinlichsten

100 2566 284 2600 Schmerz
311 2567 469 2599 verl'zisst
496 2567 568 2599 den
596 2567 730 2600 Cicero
757 2567 861 2599 seine
888 2567 1095 2611 politische
1121 2567 1407 2601 Besonnenheit
1441 2567 1551 2600 nicht

100 2615 213 2647 einen
240 2613 494 2660 Augeiiblick.
521 2633 567 2639 -—
594 2618 725 2656 oratio,
753 2615 964 2657 Zuspruch.
993 2633 1035 2640 —
1063 2618 1242 2659 (jeconiam.
1271 2615 1305 2648 S.
1333 2627 1390 2658 ep.
1413 2618 1494 2656 526,
1517 2617 1551 2649 2.

100 2679 144 2685 —-
170 2661 484 2705 ita...affectum‚
525 2662 565 2694 in
593 2663 717 2696 einen]
745 2661 901 2694 solchen
931 2662 1300 2697 Gemiithszustande
1334 2662 1477 2696 finden.
1505 2682 1552 2687 —

98 2722 168 2742 nme
196 2722 278 2754 quo,
302 2707 409 2742 nicht
435 2710 490 2743 als
517 2710 575 2746 ob.
605 2729 646 2735 —
672 2710 858 2752 hilaritas,
887 2708 1089 2746 Frohsinn.
