1795 3081
0 75 2 116 '
297 96 613 150 EPISTOLA
649 94 958 145 Dcxxxlv.
993 94 1286 147 Dcxxxv.
1418 99 1515 146 409

64 226 233 266 diceres
263 232 307 265 te
337 225 384 262 in
413 220 711 260 Tusculanum
737 223 1004 257 venturum:
1043 217 1163 271 quod
1192 219 1389 258 utinam!
1432 221 1516 259 ite-

65 295 164 321 rum
194 280 389 320 utinam!
435 283 513 315 tuo
545 281 694 313 tamen
725 271 966 310 commodo.
1013 272 1157 324 Lepta
1182 287 1251 312 me
1273 282 1419 329 rogat,
1450 283 1516 325 ut,

0 368 1 384 ¹
63 339 101 376 si
133 335 239 389 quid
269 335 355 374 sibi
382 343 492 383 opus
530 330 601 376 sit,
645 339 888 366 accurram.
954 326 1166 366 Mortuus
1202 331 1318 367 enim
1357 330 1518 369 Babul-

0 401 1 431 ἕ
64 392 166 430 lius.
226 390 403 436 Caesar,
449 385 627 437 opinor,
672 395 725 420 ex
762 382 893 420 uncia
931 404 979 410 —
1021 383 1103 422 etsi
1144 383 1253 422 nihil
1295 382 1437 424 adhuc
1467 408 1516 414 —

0 434 1 495 l
64 445 141 486 sed
170 446 315 498 Lepta
345 456 397 482 ex
427 441 603 480 triente.
664 438 860 475 Veretur
886 443 1058 487 autem,
1090 450 1144 476 ne
1175 452 1262 477 non
1291 438 1424 480 liceat
1453 446 1519 480 te-

0 498 1 516 *
65 514 173 540 nere
213 498 528 542 hereditatem,
571 486 737 544 ἀλόγως
776 492 976 541 omnino,
1018 490 1094 530 sed
1130 500 1315 533 veretur
1353 502 1518 534 tamen.

64 556 106 596 Is
128 557 270 611 igitur
291 555 328 593 si
347 550 542 593 accierit‚
573 556 831 595 accurram,
861 548 927 585 sin
947 548 1110 595 minus,
1142 546 1260 588 haud
1282 556 1515 604 antequam

64 623 242 650 necesse
273 610 373 647 erit.
431 603 504 643 Tu
530 603 756 652 Pollicem,
787 615 924 654 quum
944 604 1131 653 poteris.
1188 595 1562 645 Laudationem2

63 665 243 704 Porciae
272 663 356 703 tibi
385 660 485 698 misi
515 663 790 697 correctam:
823 662 956 709 atque
988 670 1039 695 eo
1070 661 1333 710 properavi,
1373 667 1439 710 ut,
1479 663 1520 700 si

65 724 182 760 forte
212 725 290 758 aut
318 714 524 755 Domitio
554 712 648 751 filio
685 718 763 752 aut
791 711 932 750 Bruto
964 713 1238 763 mitteretur,
1283 714 1390 754 haec
1418 717 1521 755 mit-

64 782 252 816 teretur.
309 770 360 812 Id
388 772 426 810 si
454 769 541 809 tibi
571 769 659 807 erit
688 766 979 817 commodum,
1021 780 1180 822 magno
1222 782 1355 822 opere
1392 784 1520 810 cures

1 833 2 841 ¹
63 831 226 871 velimx
270 835 314 868 et
342 826 481 867 velim
513 822 577 863 M.
611 823 830 862 Varronis
867 828 911 861 et
939 821 1078 860 Lollii
1116 824 1266 863 mittas
1296 823 1520 865 laudatio-

65 899 192 934 nem,
223 882 361 922 Lollii
389 881 557 932 utique.
613 878 729 917 Nam
759 877 881 916 illam
912 876 1025 931 legi3
1070 878 1176 917 volo
1207 885 1357 918 tamen
1389 893 1520 936 regu-

65 947 196 980 stare.
258 935 487 992 Quaedam
519 934 638 972 enim
667 933 742 973 vix
770 931 879 970 mihi
909 931 1042 971 credo
1071 931 1232 988 legisse
1261 948 1341 976 me.

177 1071 501 1124 EPISTOLA
535 1068 830 1120 Dexxxv.
897 1069 976 1128 (ad
1008 1069 1108 1118 Au.
1143 1070 1276 1118 XIII.
1308 1073 1411 1131 49.)

170 1165 251 1200 Ser.
280 1164 322 1197 in
346 1161 563 1197 Tusculano
591 1159 709 1193 initio
735 1158 837 1204 Sept.
864 1157 905 1195 A.
933 1160 979 1194 U.
1009 1158 1049 1192 C.
1075 1162 1158 1196 709.
1194 1163 1243 1203 (a,
1273 1160 1312 1194 C.
1339 1162 1414 1203 45.)

315 1235 371 1269 De
397 1231 559 1281 Tigellii
584 1231 718 1274 iniqua
743 1242 833 1278 erga
858 1242 896 1264 se
922 1230 1134 1265 iracundia.
1168 1234 1271 1288 1-ᾗ2.

0 1304 3 1346 ’ᾗ
583 1302 760 1336 CICERO
785 1301 964 1336 ATTICO
991 1301 1026 1335 S.

175 1380 350 1421 Atticae
385 1379 580 1432 primum
618 1376 820 1420 salutem,
865 1389 996 1427 quam
1040 1375 1246 1429 equidem
1287 1378 1390 1416 ruri
1428 1390 1523 1418 esse

67 1436 284 1476 arbitror.
344 1434 537 1473 Multam
569 1432 716 1486 igitur
745 1430 934 1470 salutem
967 1438 1011 1471 et
1050 1432 1205 1471 Piliae.
1264 1429 1331 1471 De
1372 1432 1524 1486 Tigel-

69 1493 150 1540 lio,
188 1493 225 1530 si
256 1490 364 1544 quid
402 1489 530 1527 novi:
569 1488 647 1539 qui
684 1486 875 1538 quidem,
922 1493 973 1526 ut
1012 1488 1124 1525 mihi
1165 1487 1322 1527 Gallus
1361 1489 1524 1528 Fadius

530 1536 540 1551 )

68 1548 257 1598 scripsit,
305 1541 479 1597 ,manipiis
517 1536 728 1595 αιάφέρει
764 1542 876 1580 mihi
919 1541 1143 1594 quandam
1180 1544 1524 1596 iniquissimam,

0 1670 4 1688 a
163 1661 267 1693 1—2.
316 1658 394 1691 heri
429 1658 557 1689 nescio.
608 1653 796 1686 Videntur
829 1654 1020 1702 designari
1058 1656 1246 1689 Kalendae
1279 1655 1529 1700 Septembris,

0 1733 2 1750 ,
70 1707 203 1750 quibus
238 1706 375 1740 Cicero
413 1703 567 1736 dimisso
604 1706 734 1734 senatu
777 1713 980 1737 recurrere
1006 1703 1048 1735 in
1074 1704 1330 1736 Tusculanum
1363 1704 1527 1737 volebat.

0 1779 4 1795 n
72 1755 171 1788 SCH.
196 1774 243 1780 —
280 1757 317 1787 in
343 1755 495 1795 strepitu
522 1751 688 1783 aliorum
715 1750 957 1796 negotiorum
985 1751 1194 1795 multisque
1229 1751 1313 1784 aliis
1341 1751 1528 1796 interpel-

72 1802 247 1835 lantibus.
276 1802 372 1835 SCH.
400 1801 519 1833 nescio
546 1798 633 1844 quid
654 1807 700 1827 z
726 1797 865 1843 irgend
890 1799 1017 1832 Etwas
1044 1798 1112 1833 der
1136 1799 1207 1831 Art
1233 1799 1267 1832 d.
1294 1799 1320 1834 i.
1347 1800 1423 1833 wie
1449 1800 1529 1833 mir

0 1840 5 1876 i
74 1849 222 1884 deueht.
273 1849 308 1882 S.
336 1847 483 1881 Ramsh.
522 1845 551 1887 ᾗ.
580 1847 660 1885 160,
688 1848 720 1878 1.
753 1846 838 1878 Not.
867 1848 898 1880 2.
937 1866 977 1871 —
1016 1849 1212 1888 exaudisse,
1251 1860 1359 1892 quum
1394 1849 1529 1882 diceres

0 1912 5 1944 Γ
71 1908 120 1930 =
138 1904 174 1931 te
196 1897 400 1931 dicentem.
422 1913 469 1919 ·—
488 1895 604 1937 Lepta
632 1894 669 1928 S.
699 1905 755 1936 ep.
783 1896 864 1935 731,
884 1896 918 1931 2.
944 1913 989 1919 —
1016 1907 1219 1937 accurram,
1247 1895 1327 1928 dass
1353 1895 1418 1928 ich
1443 1896 1528 1929 ihm

3 1941 5 1974 1]
72 1958 159 1979 zum
185 1943 384 1978 Beistande
409 1942 646 1977 herbeieilen
680 1940 843 1975 miichte.
877 1961 922 1966 —
956 1948 1063 1976 mort.
1092 1945 1187 1976 em‘m
1213 1947 1263 1976 est
1288 1942 1416 1976 Lamb.
1453 1943 1529 1977 Sed.

4 1983 5 1997 ἵ
75 1999 155 2027 erat
181 1992 325 2038 potius:
351 1996 532 2024 mortuaest
557 1995 660 2025 enim.
692 1991 765 2023 ΟΒ.
787 2007 824 2013 -
851 1990 1053 2031 Babullius,
1080 1991 1159 2034 qui,
1187 1996 1230 2023 ut
1254 1990 1379 2023 statim
1407 1991 1528 2039 signi-

73 2041 223 2081 fleatur,
258 2041 416 2084 Leptam
443 2043 480 2071 et
507 2038 701 2072 Caesarem
730 2036 889 2071 heredes
917 2038 1142 2073 instituerat.
1178 2039 1279 2072 SCH.
1315 2057 1362 2063 -·
1396 2052 1436 2072 ex
1462 2053 1529 2073 un-

75 2093 144 2128 cia,
170 2100 256 2120 zum
281 2087 411 2120 Erben
438 2086 500 2119 des
527 2087 729 2127 zwiilften,
758 2098 796 2118 ex
822 2090 964 2125 triente,
990 2087 1052 2119 des
1079 2087 1222 2121 dritten
1239 2085 1373 2119 Theils
1399 2086 1528 2121 §einer

76 2134 418 2171 Verlassenschaft.
447 2151 485 2158 -
526 2138 592 2167 etsi
615 2135 709 2168 nihil
731 2135 847 2167 adhuc
872 2135 969 2167 certi
998 2134 1070 2167 hac
1106 2134 1151 2167 de
1186 2146 1228 2167 re
1259 2133 1423 2176 auditur,
1465 2135 1528 2169 ob-

76 2183 207 2231 gleich
235 2195 321 2215 man
349 2181 448 2215 noch
474 2182 609 2215 Nichts
642 2181 819 2228 gewisses
857 2182 1019 2215 dariiber
1050 2182 1151 2215 hert.
1187 2201 1234 2207 —-
1274 2182 1424 2215 Ver-etur
1448 2188 1527 2215 aut.

76 2234 208 2277 Lepta,
235 2242 276 2264 er
301 2229 472 2262 ffirchtet
498 2230 598 2270 aber,
622 2230 680 2262 die
697 2229 898 2262 Erbschast
915 2230 1044 2263 werde
1070 2230 1152 2262 ihm
1172 2229 1323 2276 streitig·
1348 2230 1528 2277 gemacht

77 2279 245 2314 werden.
274 2296 316 2302 -·
344 2275 470 2321 ἀλόγ.
500 2290 591 2311 omn.
626 2278 707 2311 scil.
741 2283 906 2316 veretur,
942 2278 983 2309 in
1019 2277 1085 2311 der
1110 2277 1209 2311 That
1244 2277 1344 2312 ohne
1380 2277 1526 2311 Grund.

80 2347 121 2352 —
147 2331 181 2361 si
205 2328 368 2365 accierit,
394 2337 508 2357 wenn
536 2338 578 2358 er
604 2325 706 2357 mich
735 2327 846 2358 ruse-11
872 2325 996 2359 sollte.
1015 2345 1061 2350 ——
1086 2326 1137 2358 Τιι
1152 2325 1317 2359 Pollicem
1343 2325 1529 2362 remittas.

79 2375 115 2409 S.
144 2387 201 2419 ep.
227 2377 308 2414 633,
336 2377 366 2407 1.
394 2391 441 2397 -—
467 2375 564 2406 (aad.
593 2374 751 2406 Porciae.
787 2372 821 2406 S.
851 2384 908 2416 ep.
934 2375 1016 2414 621,
1042 2377 1073 2408 3.
1100 2392 1146 2397 —
1177 2375 1275 2413 haec,
1310 2372 1407 2406 diess
1443 2384 1530 2406 ver-

79 2423 241 2456 besserte
266 2421 488 2465 Exemplar.
518 2441 558 2445 —
590 2422 766 2455 Varronis
791 2426 825 2454 et
850 2423 974 2462 Lollii,
1002 2421 1067 2465 qui
1094 2426 1130 2456 et
1156 2421 1227 2467 ipsi
1252 2421 1423 2455 Porciam
1448 2420 1529 2454 lau-

81 2471 273 2504 daverant.
299 2469 476 2503 MANUT.
502 2488 548 2494 —-
575 2471 709 2514 utique,
742 2468 958 2502 unsehlbar.

176 2545 207 2575 1.
258 2543 311 2574 De
337 2542 500 2585 Tigellio,
525 2541 765 2587 Hermogene
793 2539 958 2584 Tigellio
985 2540 1143 2573 tibicine
1173 2545 1209 2573 et
1236 2545 1404 2578 cantore,
1439 2538 1528 2572 Cae-

82 2590 172 2622 saris
199 2589 398 2628 samiliari,
427 2589 606 2621 Phameae
634 2594 781 2631 nepote.
811 2590 881 2620 cfr.
907 2599 961 2631 ep.
979 2591 1049 2623 636
1076 2593 1111 2621 et
1139 2589 1268 2622 Horat.
1285 2587 1359 2621 Sat.
1388 2587 1417 2625 Ι,
1444 2588 1477 2628 2,
1492 2590 1526 2622 3.

81 2640 114 2673 3,
138 2640 172 2670 ll.
198 2656 244 2661 -—
269 2637 444 2669 MANUT.
471 2655 512 2660 —
540 2640 622 2668 novi
647 2636 728 2668 scil.
756 2634 882 2674 habos,
910 2636 1060 2669 scribas.
1090 2655 1129 2661 ——
1161 2637 1286 2668 Gallus
1311 2636 1457 2670 Fadius,
1483 2634 1528 2666 ad

84 2696 195 2727 quem
225 2685 270 2717 de
297 2684 426 2718 eadem
454 2696 492 2715 re
519 2690 569 2715 est
592 2684 700 2727 epist.
721 2686 800 2717 (336.
829 2683 889 2715 Sic
908 2684 1064 2727 scripsi,
1082 2684 1217 2717 Fabius
1237 2682 1370 2715 vitiose
1388 2693 1527 2714 onmes.

86 2733 278 2769 ORELLI.
303 2750 350 2756 —
374 2734 504 2776 μέμῳ.
532 2732 681 2776 εἶναψ.)
719 2731 1057 2776 reprehensionem
1095 2743 1120 2764 s.
1158 2730 1434 2764 accusationem
1469 2729 1529 2761 iu-
