1795 3081
244 90 306 135 68
506 88 569 133 M.
608 88 658 132 T.
697 84 1041 135 CIOERONIS-
1073 84 1455 134 EPISTOLAE.

246 221 342 248 nem
376 209 621 246 liberorum
653 205 967 246 necessitudini
997 209 1247 259 proximam
1276 209 1424 247 voluit
1452 219 1556 246 esse.
1627 204 1714 245 Sed

247 277 378 316 quum
432 263 517 301 sibi
564 263 628 301 ita
676 263 965 315 persuasisset
1010 263 1104 314 ipse
1154 277 1270 302 meas
1321 262 1374 302 de
1419 275 1465 301 se
1505 267 1713 301 accurate

246 321 431 371 scriptas
473 317 626 356 literas
665 318 904 356 maximum
952 316 1068 369 apud
1111 324 1154 357 te
1196 317 1367 371 pondus
1416 316 1646 356 habituras
1688 329 1712 355 a

246 376 400 425 me'qiie
439 371 739 426 contenderet,
795 379 845 411 ut
894 386 1023 424 quam
1066 371 1405 427 diligentissime
1441 371 1710 412 scriberem:

246 429 381 467 malui
421 429 582 479 facere,
631 426 748 479 quod
790 425 910 466 meus
953 429 1188 467 familiaris
1234 431 1345 467 tanti
1384 441 1462 467 sua
1500 428 1714 466 interesse

203 483 229 521 2
249 484 561 522 arbitraretur.
634 483 693 521 Ut
723 484 862 537 igitur
891 482 1051 522 debere
1081 498 1150 522 me
1179 486 1327 523 facere
1357 484 1442 522 hoc
1472 483 1711 537 intelligas,

243 552 376 591 quum
408 539 601 592 primum
623 538 686 582 M.
705 534 943 577 Terentim
974 540 1019 576 in
1049 539 1197 578 forum
1228 540 1364 589 venit,
1395 537 1449 577 ad
1469 538 1712 576 amicitiam

245 607 288 632 se
330 606 473 632 ineam
511 594 716 631 contulit.
783 593 971 645 Deinde,
1020 601 1071 633 ut
1124 608 1168 634 se
1215 594 1546 642 corroboravit,
1601 591 1712 631 duae

244 662 400 687 causae
438 655 733 698 accesserunt,
776 662 886 701 quae
925 662 1067 689 meam
1101 651 1149 688 in
1186 651 1315 688 illum
1358 648 1713 688 benevolentiam

244 709 486 760 augerent:
532 718 635 754 una,
678 704 796 756 quod
831 705 1096 744 versabatur
1140 707 1187 743 in
1230 706 1315 744 hoc
1352 704 1498 744 studio
1543 709 1711 753 nostro,

244 772 331 812 quo
370 760 504 798 etiam
533 773 649 799 nunc
679 761 866 799 maxime
896 759 1181 810 delectamur,
1226 767 1270 800 et
1301 774 1400 799 cum
1429 760 1623 814 ingenio,
1662 763 1712 797 ut

243 816 374 864 nosti,
406 827 485 852 nee
514 816 607 853 sine
638 814 887 863 industria,
918 814 1092 865 deinde,
1132 815 1251 868 quod
1279 822 1452 855 mature
1480 828 1526 853 se
1556 819 1711 852 contu-

235 870 297 920 lit
323 871 393 920 ⁴in
436 871 668 909 societates
715 871 1081 924 publicanorumg
1132 870 1250 922 quod
1295 870 1471 923 quidem
1515 869 1710 916 nollem3

243 926 444 967 maximis
488 926 602 964 enim
649 924 817 964 damnis
864 928 1047 965 affectus
1099 933 1176 965 est.
1257 925 1346 965 Sed
1388 932 1536 965 tamen
1581 936 1712 962 causa

245 981 488 1019 communis
518 979 689 1019 ordinis
719 981 829 1020 mihi
868 980 1284 1021 commendatissimi
1323 982 1430 1020 fecit
1468 980 1710 1019 amicitiam

243 1041 439 1074 nostram
468 1036 726 1075 firmiorem.
785 1036 956 1077 Deinde
984 1044 1186 1076 versatus
1227 1038 1273 1075 in
1311 1038 1514 1088 utrisque
1543 1034 1709 1074 subsel-

243 1091 316 1128 liis
347 1092 514 1142 optima
544 1097 587 1129 et
615 1090 700 1130 fide
744 1098 787 1131 et
829 1094 945 1131 fama
979 1094 1068 1131 iam
1105 1098 1206 1132 ante
1245 1093 1358 1133 hanc
1399 1091 1706 1130 commutatio-

243 1158 340 1184 nem
372 1147 439 1184 rei
469 1146 673 1198 publicae
703 1149 911 1201 petitioni
941 1161 1032 1188 sese
1072 1147 1195 1195 dedit
1232 1148 1534 1199 honoremque
1572 1145 1709 1184 hone-

201 1200 482 1251 3stissimum
519 1203 791 1242 existimavit
829 1205 1024 1243 fructum
1062 1204 1231 1242 laboris
1270 1205 1353 1242 sui.
1435 1202 1520 1240 His
1563 1206 1710 1243 autem

242 1257 517 1308 temporibus
547 1270 571 1295 a
600 1271 668 1296 me
696 1257 932 1298 Brundisio
963 1273 1063 1298 cum
1092 1260 1239 1298 literis
1280 1265 1324 1298 et
1358 1256 1576 1297 mandatis
1605 1268 1708 1309 pro-

242 1313 383 1350 fectus
421 1311 477 1349 ad
508 1312 739 1352 Caesarem
778 1320 869 1352 est:
911 1328 997 1367 qua
1034 1315 1080 1352 in
1120 1328 1169 1353 re
1210 1320 1254 1352 et
1291 1326 1487 1352 amorem
1528 1313 1622 1352 eius
1662 1312 1709 1349 in

239 1365 518 1418 suscipiendo
549 1370 729 1421 negotio
759 1371 963 1421 perspexi
994 1375 1037 1408 et
1065 1370 1112 1406 in
1143 1367 1414 1408 conficiendo
1458 1381 1510 1407 ac
1545 1379 1707 1405 renun-

242 1420 564 1461 tiando'fidem.
603 1422 778 1462 Videor
806 1425 931 1476 mihi,
963 1437 1098 1476 quum
1131 1425 1370 1477 separatim
1399 1421 1453 1462 de
1481 1422 1708 1476 probitate

240 1534 505 1571 Verhziltnisse
532 1538 731 1571 zwiselien
750 1539 872 1571 Vater
897 1539 976 1572 und
993 1537 1099 1572 Sohn
1125 1549 1164 1572 so
1192 1538 1291 1572 nahe
1317 1537 1371 1571 als
1397 1536 1572 1585 lnb‘glich
1597 1536 1708 1570 kom-

239 1594 326 1615 men
361 1585 445 1617 soll..
507 1586 657 1629 Nempe
695 1591 872 1629 quaestor
903 1587 1174 1631 proconsulem
1207 1592 1271 1619 aut
1304 1591 1611 1630 propraetorem,
1645 1583 1707 1617 cui

239 1636 340 1664 soz-te
368 1631 570 1680 obtigerat,
600 1634 640 1665 in
668 1634 838 1679 parentis
866 1635 951 1668 loco
980 1635 1108 1668 colere
1135 1634 1304 1668 debebat.
1334 1634 1431 1666 SCH.
1486 1633 1579 1681 Vgl.
1605 1632 1705 1665 Orat.

238 1689 276 1721 p.
306 1679 386 1712 red.
415 1681 455 1712 in
481 1679 605 1714 Senat.
635 1692 667 1714 e.
699 1684 752 1716 Ill.
788 1682 854 1724 qui
887 1682 919 1716 si
954 1682 1054 1715 mihi
1094 1688 1272 1726 quaestor
1304 1681 1530 1726 imperatori
1563 1681 1705 1721 fuisset,

238 1726 277 1758 in
303 1726 384 1761 filio
412 1728 499 1761 loco
524 1729 659 1762 fuisset
686 1735 755 1764 cet.
783 1748 831 1754 —
856 1743 880 1763 a
906 1743 1039 1776 meque.
1091 1730 1128 1764 S.
1155 1729 1304 1763 Ramsh.
1333 1732 1359 1773 ᾗ.
1389 1732 1470 1771 179,
1496 1729 1536 1762 Β.
1564 1741 1596 1767 a,
1623 1731 1656 1763 1.

331 1800 365 1833 2.
421 1802 627 1845 intelligas,
655 1802 826 1846 supplire
852 1802 962 1844 scito,
998 1814 1036 1852 sp
1063 1803 1137 1835 lass
1164 1801 1234 1835 Dir
1268 1813 1394 1849 sagen.
1433 1820 1481 1825 —
1516 1802 1555 1833 in
1571 1799 1705 1843 forum

237 1849 346 1887 venit,
375 1848 504 1881 sobald
531 1860 573 1882 er
611 1849 674 1881 das
703 1850 846 1883 Forum
882 1851 1005 1884 betrat
1038 1851 1072 1883 d.
1103 1850 1127 1883 i.
1168 1849 1299 1882 sobald
1325 1861 1368 1883 er
1394 1848 1455 1882 die
1481 1847 1704 1881 mannliche

237 1894 342 1941 Toga
367 1895 597 1929 bekommen
624 1896 743 1939 hatte,
771 1910 894 1930 causas
924 1899 963 1931 in
994 1898 1148 1931 indiciis
1182 1908 1296 1944 agere
1331 1897 1472 1941 coepit.
1509 1915 1556 1921 —
1594 1901 1633 1930 ut
1667 1908 1703 1930 se

237 1944 389 1986 corrob„
417 1944 471 1977 als
499 1956 542 1978 er
567 1956 615 1977 zu
642 1946 809 1979 reiferen
835 1945 975 1980 Iahren
1000 1947 1158 1994 gelangt
1183 1957 1278 1987 war,
1305 1950 1347 1978 ut
1374 1945 1501 1989 coepit
1527 1955 1605 1978 esse
1631 1944 1701 1976 ali-

236 2002 312 2033 qua
350 1992 588 2026 auctoritate.
628 2012 675 2017 ——
710 2000 897 2039 augerent,
933 1995 1068 2028 Graev.
1109 1999 1296 2027 auxerunt.
1332 2012 1379 2018 —
1414 1994 1452 2026 in
1483 1993 1549 2026 hoc
1581 1994 1702 2027 studio

237 2044 364 2072 nostro
391 2040 632 2082 eloquentiae
658 2043 832 2083 forensis,
857 2042 1137 2087 philosophiae.
1172 2061 1218 2066 —
1253 2047 1288 2074 et
1313 2041 1468 2085 quidem
1496 2053 1576 2074 cum
1601 2044 1702 2084 inge-

235 2090 310 2127 nio,
337 2087 409 2119 mit
433 2088 559 2121 vieler
584 2089 803 2136 F'rihigkeit,
832 2091 999 2124 bonitate
1025 2096 1182 2124 naturae
1216 2090 1271 2122 im
1298 2089 1462 2137 Gegens.
1489 2099 1565 2122 von
1591 2088 1701 2121 indu-

236 2135 329 2167 stria
363 2147 389 2167 s.
423 2147 482 2168 ars
517 2141 554 2168 et
589 2136 805 2184 diligentia.
840 2138 1122 2186 Anstrengung.
1161 2157 1208 2162 -—
1250 2139 1346 2183 quod
1375 2139 1518 2183 quidem
1553 2139 1698 2177 nollem,

235 2193 311 2215 was
346 2182 422 2215 mir
456 2183 535 2216 leid
567 2185 630 2216 fiir
668 2184 737 2218 ihn
767 2186 865 2219 thut.
906 2208 947 2213 -—
989 2200 1098 2221 causa
1125 2199 1170 2220 ex
1195 2187 1352 2229 antiquo
1378 2186 1504 2230 suppl.
1531 2185 1635 2220 Vict.
1665 2188 1696 2218 1.

235 2230 366 2263 Lamb.
396 2230 533 2264 Graev.
561 2232 654 2265 Ern.
682 2233 768 2267 Seh.
798 2235 889 2267 Liin.
919 2236 987 2268 cfr.
1017 2235 1107 2268 Rost
1133 2236 1232 2278 Spec.
1260 2236 1293 2269 2.
1318 2248 1357 2279 p.
1386 2237 1450 2268 10.
1484 2245 1556 2267 om.
1586 2245 1698 2267 causa
1744 2262 1745 2265 ,

235 2277 309 2310 Md.
350 2278 453 2312 Vict.
481 2281 515 2314 2.
551 2279 690 2314 Bened.
731 2282 920 2318 ORELLI.
969 2284 1103 2325 „seine
1140 2282 1427 2316 Gemeinschaft
1465 2282 1535 2314 mit
1570 2281 1696 2314 einem

234 2323 387 2363 Stande,
411 2327 476 2359 fiir
502 2328 575 2362 den
600 2328 667 2361 ich
693 2330 834 2364 immer
861 2331 920 2365 die
946 2333 1092 2378 grosste
1118 2331 1298 2377 Aeh'tung
1322 2333 1450 2376 trug.“
1478 2350 1522 2355 —-
1555 2330 1697 2363 ondim's

235 2373 432 2418 equestris,
459 2387 534 2419 quo
563 2388 607 2409 ex
634 2378 768 2411 ordine
794 2380 875 2412 sere
902 2385 1009 2413 erant
1034 2379 1241 2424 publicani.
1270 2379 1368 2412 SC'H.
1401 2398 1442 2404 —-
1469 2380 1508 2411 in
1535 2381 1696 2423 utrisque

233 2424 429 2464 subselliis,
456 2425 525 2456 auf
545 2423 684 2458 beiden
710 2425 879 2469 B'zinken,
907 2427 1080 2460 n’fimlieh
1106 2426 1253 2460 sowohl
1281 2427 1348 2459 der
1375 2425 1615 2459 Sachwalter
1640 2426 1695 2458 als

233 2468 303 2503 der
329 2469 499 2505 Richter.
549 2471 703 2506 Sensus:
740 2486 857 2518 quum
890 2476 1058 2509 iudicem
1094 2481 1129 2509 et
1162 2481 1365 2519 patronum
1402 2479 1542 2521 ageret.
1596 2475 1693 2508 Nam
1739 2483 1741 2486 ·

225 2517 320 2560 fides
346 2524 400 2551 est
423 2520 604 2562 patroni3
623 2521 737 2565 fama
764 2523 898 2556 iudicis
926 2524 1072 2571 integri
1100 2529 1137 2556 et
1162 2523 1261 2556 iusti.
1288 2523 1398 2556 ERN.
1438 2542 1480 2548 -
1516 2525 1696 2565 petitioni

231 2578 303 2600 sese
330 2566 439 2609 dedit,
474 2567 555 2613 fing·
582 2580 624 2602 er
650 2579 697 2602 an
722 2580 797 2603 zur'
816 2571 1059 2618 Bevverbung
1093 2583 1157 2604 um
1184 2571 1244 2605 die
1271 2571 1445 2612 Qn'zistur,
1472 2569 1541 2603 der
1567 2575 1691 2604 ersten

232 2612 338 2648 Stufe
364 2625 412 2647 zu
437 2614 511 2649 den
536 2615 808 2652 Staats'aimtern
834 2619 874 2651 in
900 2619 1007 2661 Rom,
1036 2618 1119 2652 sich
1146 2619 1442 2652 anzuschicken.

328 2676 360 2708 3.
395 2678 451 2722 *in
490 2676 589 2720 conf.
625 2681 669 2711 ac'
700 2677 863 2726 renunt,-
895 2679 937 2711 in
974 2679 1042 2713 der
1067 2678 1317 2726 Ausffihrung
1350 2679 1469 2712 dieses
1496 2677 1692 2713 Geschzifts

231 2721 308 2754 und
333 2721 645 2772 beschleunigter
669 2725 1126 2776 Riick-Ueberbringung
1152 2727 1215 2762 des
1236 2727 1460 2762 erhaltenen
1478 2726 1688 2761 Bescheids.
