1795 3081
199 81 297 128 182
460 76 527 124 M.
563 75 617 124 T.
644 73 980 125 CICERONIS
1013 74 1395 125 EPISTOLAE.

199 199 520 253 EPISTOLA
572 196 1040 248 CCCCLXXXVII.
1109 195 1192 257 (ad
1226 195 1342 245 Div.
1377 194 1515 245 XIII.
1563 196 1662 255 19.)

520 286 602 324 Ser.
628 287 767 322 Romae
793 286 837 324 A.
864 288 912 321 U.
939 286 979 323 G.
1005 288 1086 323 708.
1120 286 1173 329 (a.
1200 285 1239 320 c.
1266 286 1344 328 46.)

200 363 334 411 Rogat,
360 365 403 395 ut
427 358 631 404 Lysonem,
657 370 772 404 quem
798 364 910 393 antea
937 356 1289 400 commendaverat,
1326 356 1369 391 in
1393 355 1511 391 fidem
1537 359 1576 390 et
1600 365 1665 389 ne·

627 407 898 443 cessitudinem
925 406 1100 451 recipiat.
1139 408 1246 442 1—3.

679 477 859 514 CICERO
910 476 1096 514 SERVIO
1151 476 1188 512 S.

311 553 422 596 Cum
451 553 629 606 Lysone
645 551 847 590 Patrensi
877 557 943 590 est
969 550 1082 590 mihi
1112 548 1287 604 quidem
1317 549 1561 605 hospitium
1588 562 1665 589 ve-

201 618 293 651 tus:
326 623 456 664 quam
486 622 566 664 ego
596 605 963 646 necessitudinem
983 612 1132 646 sancte
1153 605 1382 645 colendam
1403 612 1524 660 puto.
1579 603 1668 645 Sed

202 680 254 706 ea
285 679 415 705 causa
445 666 578 704 etiam
610 676 709 701 cum
739 662 840 700 aliis
870 662 1202 714 compluribus:
1233 663 1514 701 familiaritas
1542 666 1666 700 tanta

201 722 326 761 nullo
357 734 453 762 cum
484 719 685 771 hospite3
726 723 769 757 et
799 730 849 756 ea
878 731 1012 769 quum
1042 718 1201 756 officiis
1241 718 1334 756 eius
1370 718 1537 766 multis,
1572 722 1669 755 tum

202 779 336 816 etiam
366 773 679 816 consuetudine
710 771 967 826 quotidiana
1009 774 1073 811 sic
1104 779 1169 812 est
1197 779 1340 824 aucta,
1381 779 1433 812 ut
1467 772 1582 811 nihil
1610 772 1669 810 sit

202 833 511 872 familiaritate
540 835 692 870 nostra
723 829 1016 867 coniunctius.
1074 827 1115 867 Is
1145 841 1280 881 quum
1309 828 1476 867 Romae
1505 840 1669 866 annum

202 902 341 941 prope
370 887 627 935 ita‘fuisset,
657 890 708 924 ut
735 897 905 923 mecum
933 885 1122 932 viveret,
1152 885 1233 923 etsi
1253 897 1423 923 eramus
1443 885 1488 922 in
1512 895 1669 936 magna

206 957 282 997 spe
312 949 354 981 te
384 943 491 981 meis
522 942 666 980 literis
698 938 1156 991 commendationeque
1175 938 1511 993 diligentissime
1531 941 1669 978 factu-

205 1012 306 1038 rum
334 996 393 1049 id,
434 995 551 1049 quod
589 996 752 1044 fecisti,
798 1001 848 1034 ut
887 995 980 1034 eius
1019 1007 1113 1034 rem
1157 999 1199 1033 et
1242 995 1441 1033 fortunas
1481 994 1669 1033 absentis

204 1060 402 1094 tuerere:
442 1058 588 1091 tamen
628 1050 743 1104 quod
778 1052 825 1090 in
861 1051 993 1089 unius
1032 1054 1244 1103 potestate
1282 1055 1407 1089 erant
1444 1050 1590 1089 omnia
1628 1053 1671 1087 et

204 1106 320 1162 quod
347 1108 464 1159 Lyso
504 1107 647 1146 fuerat
684 1108 730 1145 iu
769 1112 916 1145 nostra
958 1118 1092 1144 causa
1130 1107 1382 1158 nostrisque
1419 1103 1670 1159 praesidiis,

205 1162 402 1217 quotidie
432 1160 599 1215 aliquid
627 1161 898 1201 timebamus.
956 1160 1168 1199 Effectum
1188 1166 1332 1200 tamen
1364 1166 1428 1199 est
1458 1166 1500 1200 et
1527 1160 1670 1213 ipsius

208 1218 446 1273 splendore
478 1225 522 1258 et
552 1222 707 1259 nostro
750 1217 1122 1270 reliquorumque
1153 1215 1381 1268 hospitum
1415 1213 1580 1265 studio,
1618 1220 1671 1254 ut

206 1276 373 1324 onmia,
406 1286 520 1325 quae
538 1273 771 1322 vellemus,
791 1286 816 1311 a
841 1274 1029 1312 Caesare
1054 1273 1431 1324 impetrarentur:
1466 1269 1583 1325 quod
1604 1271 1671 1309 in-

163 1323 383 1384 2telliges
423 1341 477 1368 ex
518 1329 576 1367 iis
620 1328 783 1372 literis,
828 1340 937 1380 quas
971 1325 1136 1366 Caesar
1176 1325 1233 1365 ad
1263 1333 1308 1366 te
1340 1325 1478 1367 dedit.
1536 1325 1671 1366 Nunc

205 1398 297 1425 non
327 1383 459 1423 modo
491 1396 582 1422 non
614 1384 890 1423 remittimus
931 1382 1021 1422 tibi
1061 1380 1238 1434 aliquid
1280 1394 1335 1420 ex
1364 1388 1522 1422 nostra
1552 1394 1670 1421 com-

204 1440 503 1488 mendatione,
538 1441 665 1492 quasi
695 1437 846 1491 adepti
878 1439 969 1477 iam
1008 1438 1187 1477 omnia:
1230 1435 1309 1476 sed
1348 1450 1401 1476 eo
1442 1438 1670 1478 vehemen-

205 1498 299 1536 tius
330 1510 355 1535 a
385 1502 429 1534 te
461 1494 794 1542 contendimus,
836 1500 889 1533 ut
920 1493 1144 1544 Lysonem
1178 1492 1226 1530 in
1259 1491 1391 1531 fidem
1423 1494 1670 1533 necessitu-

206 1551 444 1603 dinemque
475 1557 597 1589 tuam
628 1550 851 1602 recipias:
893 1550 1024 1588 cuius
1066 1545 1200 1587 dubia
1236 1547 1422 1587 fortuna
1462 1548 1671 1588 timidius

206 1613 356 1647 tecum
388 1605 644 1661 agebamus,
674 1611 897 1650 verentes,
940 1616 996 1644 ne
1029 1603 1140 1654 quid
1171 1601 1401 1643 accideret
1429 1603 1671 1655 eiusmodi,

350 1717 541 1751 SERVIO.
582 1715 620 1750 S.
649 1716 684 1750 d.
712 1716 837 1764 vorig.
866 1716 976 1750 Brief
998 1716 1051 1749 im
1077 1715 1162 1751 Anf.

306 1793 335 1824 1.
386 1800 466 1822 cum
492 1789 627 1833 Lysone
654 1799 699 1821 ex
726 1787 868 1832 oppido
894 1787 1028 1828 Patris,
1056 1787 1155 1832 apud
1182 1799 1294 1832 quem
1323 1788 1458 1822 Cicero
1487 1799 1507 1822 e
1534 1787 1671 1822 Cilicia

209 1836 361 1871 rediens
388 1848 549 1884 aegrum
576 1836 759 1870 Tironem
787 1836 960 1879 reliquit.
1020 1836 1112 1869 Vid.
1142 1847 1197 1880 ep.
1225 1839 1307 1872 258.
1334 1839 1415 1873 289.
1449 1855 1494 1861 —
1522 1849 1670 1882 quam..

207 1898 334 1920 necess.
371 1885 407 1919 S.
435 1884 588 1918 Ramsh.
625 1886 653 1927 §.
680 1887 761 1925 159,
789 1887 823 1924 3,
853 1883 888 1917 d.
923 1903 969 1908 -—
1006 1883 1077 1918 Sed
1106 1897 1146 1917 ea
1174 1897 1285 1919 causa
1311 1884 1456 1926 (Lamb.
1491 1885 1574 1919 add.
1602 1887 1672 1927 est)

212 1940 299 1974 cet.‚
327 1932 429 1966 doch
457 1933 555 1966 diess
582 1931 819 1965 Verh'ziltniss
859 1943 907 1964 zu
940 1931 1016 1964 mir
1050 1932 1117 1965 hat
1152 1943 1193 1965 er
1227 1933 1299 1965 mit
1326 1932 1416 1966 sehr
1441 1933 1570 1966 vielen
1595 1934 1673 1966 An-

209 1982 330 2015 deren
358 1981 536 2029 gemein3
563 1980 653 2013 aber
680 1980 791 2014 einer
820 1979 1151 2015 Vertraulichkeit
1178 1980 1218 2012 in
1246 1980 1331 2013 dem
1359 1980 1498 2022 Grade,
1529 1981 1604 2017 wie
1630 1993 1674 2015 er

209 2031 263 2064 sie
289 2029 351 2062 bei
377 2030 452 2062 mir
477 2029 658 2078 geniesst,
686 2028 787 2061 kann
814 2027 896 2060 sich
922 2028 1015 2060 kein
1040 2027 1214 2061 Anderer
1239 2029 1390 2063 meiner
1416 2029 1671 2062 Gastfreunde

209 2078 390 2111 riihmen.
420 2096 458 2101 —
488 2089 636 2119 mecum,
664 2076 724 2110 bei
751 2076 828 2108 mir
854 2076 906 2108 im
935 2076 1069 2109 Haase.
1097 2094 1143 2099 —
1170 2077 1340 2116 absentis,
1381 2077 1421 2110 in
1447 2077 1573 2110 seiner
1598 2078 1672 2112 Ab-

209 2125 431 2159 wesenlieit.
457 2143 503 2149 —
529 2128 565 2158 in
593 2128 710 2166 unius,
739 2124 917 2157 Caesaris.
943 2143 989 2148 —-
1015 2127 1053 2158 in
1078 2130 1205 2158 nostra
1232 2137 1342 2158 causa
1368 2126 1452 2161 scil.
1479 2126 1674 2170 Pompeia-

210 2185 347 2207 norum
375 2173 398 2208 i,
428 2185 458 2206 e.
494 2178 622 2217 partes
651 2172 823 2217 Pompeii
860 2177 1010 2205 secutus
1041 2173 1179 2213 fuerat,
1218 2175 1312 2215 „auf
1342 2184 1505 2207 unserer
1530 2173 1673 2208 Seite.“

209 2241 256 2246 --
281 2227 392 2254 nostr.
421 2223 593 2265 praesid„
618 2221 678 2255 bei
704 2232 879 2253 unsercm
906 2220 1039 2254 Heere.
1058 2240 1102 2244 —-
1121 2224 1247 2265 ipsius,
1276 2222 1451 2266 Lysonis,
1476 2240 1522 2245 —
1549 2234 1588 2255 ex
1614 2225 1673 2263 iis,

209 2270 284 2303 Md.
314 2269 412 2303 Crat.
440 2269 534 2301 Vict.
565 2271 632 2302 leis.
656 2290 696 2294 -
715 2282 804 2314 quas
833 2269 1129 2309 Caussarudcdit,
1156 2270 1220 2301 vel
1247 2281 1364 2312 quum
1386 2269 1525 2303 Romae
1551 2269 1673 2303 adhuc

211 2322 319 2357 esset,
368 2316 430 2350 vel
482 2328 600 2360 quum
638 2318 712 2350 iam
748 2318 941 2361 profectus
979 2322 1073 2350 esset
1115 2317 1154 2348 in
1194 2318 1417 2361 Hispaniam
1460 2328 1560 2351 anno
1604 2321 1673 2353 708

212 2370 385 2400 exeunte.
423 2366 522 2397 SCH.

304 2427 337 2458 2.
388 2424 492 2457 Nunc
516 2429 655 2457 tamen.
674 2443 717 2448 —
744 2426 847 2469 quasi
872 2425 998 2469 adepti
1017 2427 1092 2457 icem
1109 2426 1243 2465 onmia,
1269 2425 1322 2457 als
1347 2437 1461 2458 wenn
1481 2424 1536 2460 W
1538 2426 1574 2457 ir
1594 2437 1673 2458 nun

211 2472 462 2507 scholi’Alles
491 2472 643 2518 erlangt
667 2471 808 2504 lnitten.
828 2491 873 2496 —-
897 2475 933 2505 in
953 2472 1020 2516 fid.
1048 2486 1122 2505 nec.
1150 2478 1190 2513 t.,
1224 2479 1341 2505 unter
1365 2474 1484 2508 Deine
1513 2473 1673 2507 Schutz-

212 2520 472 2555 verwandten.
523 2520 625 2553 Eine
661 2520 901 2564 Hendiadys!
935 2539 982 2543 —
1017 2524 1117 2554 cuius
1152 2520 1264 2554 dubis}
1289 2520 1450 2564 fortunii
1497 2527 1538 2554 st.
1572 2533 1672 2557 nam.

213 2568 394 2612 quamdiu
419 2568 498 2601 eius
523 2569 676 2600 fortuna
712 2567 823 2600 dubia
861 2573 953 2609 erat,
992 2567 1104 2607 denn,
1143 2579 1182 2601 so
1218 2569 1333 2616 lange
1366 2570 1448 2603 sein
1475 2568 1672 2603 Schicksal

214 2616 316 2649 noch
342 2614 642 2649 unentschieden
670 2627 764 2656 war,
803 2615 899 2663 ging
936 2614 1001 2648 ich
1029 2622 1142 2650 etwas
1169 2616 1406 2650 schuchtern
1442 2617 1503 2650 bei
1529 2617 1601 2650 Dir
1626 2629 1673 2650 zu

215 2663 377 2702 Werke,
412 2676 474 2696 aus
501 2662 650 2697 Furcht
675 2676 708 2697 u.
736 2676 763 2696 s.
790 2676 835 2699 w.
883 2664 975 2705 Quia
1005 2664 1104 2708 Lyso
1132 2664 1380 2709 Pompeianus
1408 2671 1500 2704 erat,
1537 2664 1672 2699 Cicero

216 2712 366 2754 metuit,
392 2724 439 2745 ne
464 2712 655 2757 Sulpicius
681 2716 841 2755 propter
868 2711 1067 2746 Caesarem
1102 2712 1224 2745 minus
1257 2713 1422 2760 benigne
1456 2724 1542 2746 eum
1569 2712 1674 2747 iuva-

1754 414 1760 433 l
