1795 3081
475 93 796 145 EPISTOLA
832 91 1197 141 CCCCLXXII.
1246 129 1251 132 .
1342 147 1344 149 ,
1464 89 1557 138 155

179 218 498 270 EPISTOLA
535 179 901 265 ceccnx'xn.
969 213 1052 271 (aa
1087 213 1203 262 Div.
1240 211 1352 262 vn.
1389 210 1493 268 28.)

381 331 461 366 Ser.
489 334 649 365 exeunte
676 339 776 363 anno
803 328 847 362 U.
878 325 920 359 C.
947 327 1028 360 708.
1071 327 1119 367 (a.
1148 325 1288 367 (116.)

105 417 239 450 Probat
273 413 629 453 consiliumssCuriu
665 411 765 455 quod
792 422 834 444 re
868 409 1020 455 publica
1053 409 1246 451 desperata
1282 409 1323 442 in
1358 407 1559 442 Graeciam

108 476 146 498 se
173 464 403 503 contulerit;
440 468 488 503 et,
516 462 616 505 quod
645 461 714 493 ille
740 458 898 504 pedibus
927 461 1149 490 consecutus
1175 457 1239 496 sit,
1273 456 1311 490 id
1337 468 1374 489 se
1400 456 1474 488 alia
1499 466 1560 487 ra-

225 512 341 553 tione,
368 510 500 544 studiis
527 509 709 542 nimirum
737 513 775 540 et
800 505 938 546 literis,
965 504 1113 548 assequi
1140 503 1285 539 scribit.
1321 507 1440 540 1-3,

529 606 577 637 Μ.
613 603 792 638 CICERO
830 603 864 636 S.
901 602 944 637 D.
979 600 1136 636 CURIO.

216 689 417 739 Memini,
448 702 580 742 quum
609 688 719 727 mihi
745 685 942 740 desipere
959 684 1185 733 videbar<37
1216 682 1332 736 quod
1353 696 1450 722 cum
1469 682 1564 721 istis

110 746 254 798 potius
284 747 473 795 viveres,
504 757 633 797 quam
661 744 909 782 nobiscum:
942 747 1038 780 erat
1066 741 1182 779 enim
1213 740 1353 777 multo
1383 737 1561 776 domici-

111 802 219 839 lium
257 800 386 838 huius
428 801 552 838 urbis
591 821 644 828 -—
680 811 812 851 quum
850 796 1026 849 quidem
1062 795 1169 833 haec
1205 794 1312 832 urbs
1339 816 1394 821 —-
1424 795 1568 845 aptius

110 855 374 894 humanitati
414 861 457 894 et
501 855 710 894 suavitati
753 860 869 902 tuae,
912 865 1040 905 quam
1085 856 1180 889 tota
1227 849 1566 901 Peloponnesus,

111 909 270 949 nedum
300 910 477 949 Patrae:
508 923 624 948 nuuc
654 915 809 948 contra
837 914 880 946 et
908 906 1071 946 vidisse
1101 904 1212 943 mihi
1233 904 1421 942 multum
1447 901 1568 942 vide-

113 966 190 1015 ris,
228 978 374 1017 quum,
416 977 554 1018 prope
595 964 836 1017 desperatis
876 963 944 1001 his
983 961 1129 1011 rebus,
1166 965 1209 998 te
1252 961 1298 997 in
1337 958 1570 997 Graeciam

114 1021 358 1069 contulisti,
403 1027 446 1059 et
474 1019 559 1058 hoc
587 1026 786 1072 tempore
817 1030 904 1056 non
943 1017 1084 1055 solum
1124 1015 1310 1067 sapiens,
1351 1015 1424 1066 qui
1465 1013 1569 1050 hine

114 1075 242 1121 absis,
291 1073 365 1114 sed
400 1076 534 1114 etiam
573 1074 737 1114 beatus.
804 1073 1091 1125 Quamquam,
1135 1071 1246 1122 quis,
1291 1070 1366 1122 qui
1402 1065 1570 1119 aliquid

114 1131 268 1182 sapiat,
298 1143 413 1168 nunc:
443 1142 533 1168 esse
561 1129 713 1168 beatus
743 1131 919 1182 potest?
967 1125 1067 1175 Sed,
1108 1124 1226 1177 quod
1257 1130 1320 1175 tu,
1363 1125 1435 1162 cui
1464 1115 1612 1161 lice-2

114 1185 204 1234 bat,
234 1184 416 1237 pedibus
447 1198 491 1223 es
522 1191 796 1233 consecutus,
835 1189 885 1221 ut
923 1182 988 1220 ibi
1028 1193 1156 1230 esses,
1198 1180 1271 1218 ubi
1308 1193 1381 1217 nec
1409 1179 1571 1228 Pelopi-

113 1240 265 1278 darum
293 1262 347 1267 —
374 1241 492 1279 nosti
521 1246 689 1279 cetera:
731 1251 809 1277 nos
840 1236 957 1276 idem
986 1233 1306 1289 propemodum
1345 1234 1573 1285 consequi-

118 1308 220 1334 mur
249 1295 336 1333 alia
373 1296 559 1334 ratione.
628 1294 772 1346 Quum
809 1294 926 1333 enim
964 1285 1222 1330 salutationi
1257 1302 1335 1328 nos
1374 1288 1574 1328 dedimus

218 1456 373 1492 CURIO.
424 1456 558 1489 Dieser
596 1456 654 1488 Μ’.
683 1455 821 1488 Curius
858 1464 930 1501 zog
964 1453 1023 1486 bei
1049 1457 1163 1499 guter
1188 1452 1418 1501 Benutzung
1451 1453 1574 1487 seines

121 1505 354 1549 Vermb‘gens
392 1503 454 1536 die
488 1503 596 1536 Ruhe
635 1503 698 1535 des
732 1502 990 1535 Privatlebens
1028 1512 1105 1532 von
1142 1499 1251 1533 ieher
1288 1500 1361 1533 den
1388 1502 1575 1548 Staatsge-

121 1544 295 1585 seb‘a'fteh
321 1561 403 1593 vor,
430 1562 469 1583 so
494 1550 573 1582 dass
602 1562 643 1583 er
669 1550 735 1583 nie
762 1562 825 1582 um
853 1550 915 1582 ein
943 1546 1185 1581 'offentliches
1208 1549 1297 1580 Amt
1323 1548 1572 1582 nac-hsuehte.

121 1600 220 1632 Eine
245 1609 424 1645 geraume
450 1598 535 1631 Zeit
561 1598 704 1631 betrieb
731 1609 773 1631 er
798 1595 1094 1643 Geldgesch'zifte
1121 1607 1167 1626 zu
1193 1597 1323 1629 Patrae
1351 1597 1392 1629 in
1419 1596 1573 1636 Achaia,

122 1640 307 1680 wesshhlb
342 1645 410 1678 ihn
446 1646 582 1679 Cicero
619 1645 706 1678 dem
742 1644 920 1691 dortigen
952 1644 1159 1676 Proconsul
1193 1642 1345 1676 Servius
1380 1645 1573 1689 Sulpicius

122 1695 186 1733 (ad
217 1695 364 1727 Divers.
400 1692 502 1734 XIII,
539 1694 598 1736 17)
634 1693 715 1725 und
753 1692 885 1725 dessen
919 1690 1115 1724 niichstem
1149 1690 1385 1738 Naehfolger
1424 1695 1469 1733 (s.
1498 1692 1572 1725 das.

121 1742 221 1779 XIII,
254 1744 329 1783 50),
362 1740 438 1774 wie
476 1740 574 1773 auch
613 1744 739 1784 sp'citer
778 1740 863 1773 dem
898 1738 1043 1771 Acilius
1083 1737 1125 1780 (s.
1165 1739 1249 1780 VII,
1290 1742 1353 1780 31)
1394 1738 1575 1784 empfahl.

123 1789 230 1823 Eben
257 1789 428 1822 derselbe
454 1787 569 1821 nahm
596 1788 681 1821 sich
707 1788 879 1834 dag-egen
905 1786 968 1819 des
994 1787 1060 1819 auf
1083 1786 1248 1820 Cicero's
1276 1787 1484 1821 Ruckkehr
1510 1799 1574 1820 aus

127 1836 290 1871 Cilicien
322 1836 445 1869 krank
471 1836 731 1883 gewordenen
757 1836 850 1869 Tiro
883 1834 956 1866 mit
982 1835 1151 1881 grosster
1175 1834 1346 1883 Sorgfalt
1371 1847 1429 1869 an.
1467 1834 1503 1870 S.
1531 1833 1578 1868 ad

124 1884 271 1917 Divers.
297 1884 392 1925 XVI,
417 1886 451 1918 4.
477 1886 511 1918 5.
537 1887 569 1919 9.
596 1883 643 1916 ad
667 1883 782 1918 Attio.
808 1882 892 1924 VII,
918 1883 952 1919 2.
995 1882 1098 1923 VIII,
1125 1882 1158 1915 5.
1185 1884 1219 1917 6.

225 1959 256 1990 1.
306 1956 454 1989 Memini
487 1955 567 1989 eius
601 1955 799 1999 temporis,
843 1966 951 2001 quum
977 1963 1024 1984 Ξ
1049 1963 1136 1996 quo,
1170 1953 1246 1987 wie
1278 1966 1393 1989 unser
1426 1954 1479 1987 da
1516 1954 1579 1986 fiir

126 2014 202 2037 wo.
239 2003 274 2037 S.
302 2003 450 2038 Ramsh.
477 2005 507 2043 §.
533 2005 614 2038 203.
648 2003 717 2045 IV,
747 2007 779 2045 1,
806 2003 842 2036 b.
877 2021 920 2026 —
953 2013 1031 2034 cum
1060 2003 1140 2035 istis
1166 2001 1335 2042 Graecis,
1374 2003 1416 2035 in
1443 2002 1578 2046 primis

126 2050 376 2086 Patrensibus.
426 2051 546 2084 Patris
581 2051 682 2084 enim
708 2051 844 2084 Curius
874 2049 1160 2097 negotiabatur2
1186 2050 1284 2083 SCH.
1321 2050 1420 2084 Crat.
1449 2049 1578 2082 Lamb.

128 2101 224 2145 quod
255 2101 340 2132 istic
373 2102 508 2143 potius.
543 2118 590 2123 —
622 2111 729 2143 quum
766 2100 907 2144 quidem
941 2098 1027 2131 haec
1065 2099 1149 2130 urbs
1181 2097 1263 2130 scil.
1298 2097 1422 2131 adhuc
1458 2100 1577 2137 esset3

128 2148 230 2190 quasi
260 2157 359 2179 nunc
386 2157 461 2179 non
497 2147 544 2179 sit
576 2146 675 2187 urbs,
711 2147 775 2179 ubi
809 2146 1026 2180 dominetur
1062 2149 1248 2188 tyrannus
1282 2156 1370 2179 eum
1405 2143 1581 2178 satelliti-

127 2194 193 2227 bus
221 2194 307 2233 suis,
334 2194 557 2236 latronibus,
587 2195 790 2235 exsulibus,
817 2195 882 2227 Iex
908 2193 1028 2230 nulla,
1065 2203 1146 2226 mos
1178 2193 1320 2234 nullus,
1354 2193 1482 2226 nullus
1507 2203 1580 2236 pu-

129 2242 209 2275 dor.
241 2242 449 2277 GRONOV.
475 2261 518 2266 —
543 2244 683 2276 nedum.
712 2243 748 2276 S.
776 2241 923 2275 Ramsh.
951 2242 975 2283 ἕ.
1003 2242 1082 2280 173,
1102 2244 1136 2281 1,
1162 2242 1208 2274 Ν.
1226 2242 1258 2276 2.
1287 2241 1433 2275 Grotef.
1455 2241 1482 2284 §
1497 2241 1578 2275 336.

128 2289 236 2323 Anni.
262 2292 294 2323 4.
323 2309 368 2313 —
394 2292 533 2329 vidisse,
559 2291 597 2322 in
625 2290 684 2323 die
710 2291 848 2332 Ferne‚
875 2288 1057 2327 Zukunfs,
1089 2289 1256 2337 gesehen
1290 2301 1337 2322 zu
1371 2288 1504 2322 haben.
1533 2305 1580 2313 -

130 2341 193 2382 qui
214 2348 262 2369 z
288 2337 388 2380 quod
415 2342 455 2371 tu
479 2338 562 2371 hinc
587 2338 692 2372 absis.

223 2399 256 2431 2.
308 2397 369 2429 uhi
386 2409 447 2430 nec
457 2397 710 2442 Pelopidarum
732 2395 858 2440 (Atrei
881 2401 915 2428 et
935 2395 1142 2439 Thyestae)
1160 2409 1285 2430 nomen
1304 2408 1366 2429 nec
1383 2394 1498 2439 facta
1515 2408 1580 2429 au-

131 2446 233 2478 diam
249 2444 308 2487 [—
324 2445 390 2485 351,
401 2445 475 2477 wie
491 2444 614 2478 dieser
627 2446 723 2478 Vers
742 2445 847 2478 eines
862 2444 965 2477 alten
981 2443 1207 2479 Rb'mischen
1217 2443 1581 2491 Trag‘o'dienschrei-

130 2493 214 2525 bon-s
241 2492 285 2524 ad
313 2491 424 2523 Attio.
451 2492 525 2534 XV,
552 2496 606 2526 11.
634 2493 681 2527 hd
707 2492 840 2526 Famil.
867 2492 950 2533 VII,
984 2495 1029 2526 30
1062 2492 1341 2539 vollst‘zindiger
1374 2489 1581 2538 angesiihrt

132 2539 242 2573 wird.
294 2540 415 2572 Unter
441 2540 524 2572 dem
553 2542 701 2573 Namen
728 2539 928 2583 Pelopidae
966 2538 1078 2583 spielt
1105 2540 1239 2573 Cicero
1266 2540 1333 2571 auf
1354 2539 1415 2571 die
1442 2538 1580 2572 unsitt-

132 2586 264 2619 lichen
291 2586 464 2619 Officiere
497 2588 574 2620 und
601 2586 878 2634 Umgebungen
906 2587 968 2620 des
996 2586 1122 2620 C'cisars
1155 2599 1213 2620 an.
1247 2605 1292 2611 —
1327 2589 1426 2619 nosti
1451 2592 1581 2627 cetera,

132 2635 190 2667 Du
217 2634 342 2666 weisst
372 2634 418 2673 ia,
445 2635 521 2667 wie
548 2647 585 2669 es
610 2635 748 2668 weiter
773 2634 899 2667 heisst.
919 2653 964 2658 —
983 2636 1213 2675 salutationi,
1241 2633 1395 2674 „sobald
1420 2635 1495 2668 wir
1520 2633 1581 2668 die

133 2681 457 2726 Morgenbesuche
484 2694 642 2716 unserer
669 2687 785 2727 guten
811 2681 986 2715 Freunde
1013 2682 1099 2719 (der
1126 2681 1365 2722 C'zisarianer)
1392 2682 1582 2729 {ibgewar-

133 2734 186 2761 tet
212 2728 374 2761 haben.“
424 2729 599 2763 Dasselbe
626 2735 707 2776 sag-t
734 2729 867 2762 Cicero
895 2741 949 2773 ep.
977 2732 1058 2770 456,
1086 2733 1118 2764 3.
1169 2728 1293 2762 Daher
1327 2729 1451 2763 dieser
1477 2727 1586 2763 Brief
