1795 3081
236 27 334 75 214
578 27 644 75 Μ.
679 29 731 78 Τ.
768 28 1109 81 CICERONIS
1144 28 1529 83 EPISTOLAE.

238 161 359 188 rum:
405 154 549 189 tamen
584 150 702 189 oculi
739 157 900 205 augent
935 150 1157 203 dolorem,
1203 153 1281 206 qui
1310 166 1384 204 ea,
1429 166 1541 207 quae
1570 155 1706 196 ceteri

238 203 444 254 audiunt,
488 206 655 245 intueri
685 213 900 260 coguntur
928 220 1007 247 nec
1035 213 1239 249 avertere
1268 222 1293 248 a
1321 210 1511 250 miseriis
1545 210 1708 265 cogita-

238 262 400 299 tionem
429 260 592 299 sinunt.
651 261 797 314 Quare
835 264 914 302 etsi
951 263 1189 303 multarum
1228 276 1381 304 rerum
1417 263 1636 305 desiderio
1664 270 1709 305 te

239 317 342 368 angi
370 329 546 355 necesse
575 321 650 364 est,
682 323 826 358 tamen
855 319 932 357 illo
963 316 1123 365 dolore,
1156 331 1242 372 quo
1273 321 1459 360 maxime
1481 326 1526 360 te
1549 320 1709 360 confici

239 370 393 419 audio,
439 371 556 424 quod
585 371 744 412 Romae
774 386 862 412 non
891 375 969 418 sis,
1018 376 1214 414 animum
1243 381 1368 414 tuum
1397 376 1550 415 libera.
1617 374 1710 414 Etsi

240 427 359 465 enim
391 439 491 465 cnm
521 441 675 483 magna
704 428 904 468 molestia
940 434 1038 468 tuos
1076 435 1237 483 tuaque
1276 428 1523 478 desideras,
1564 436 1711 470 tamen

242 481 319 520 illa
349 481 538 534 quidem,
569 496 679 537 quae
700 485 905 537 requiris,
936 499 1065 524 suum
1087 491 1247 525 statum
1270 492 1418 525 tenent
1441 498 1520 526 nec
1540 486 1711 537 melius,

242 537 280 575 si
311 541 360 575 tu
390 536 581 585 adesseS,
627 544 828 578 tenerent
856 553 936 579 nec
966 547 1068 580 sunt
1095 541 1188 580 ullo
1216 543 1262 580 in
1286 542 1472 595 proprio
1499 541 1710 595 periculo.

241 590 338 630 Nec
368 589 494 632 debes
525 599 596 643 tu,
639 607 772 647 quum
804 593 857 634 de
887 596 974 635 tuis
1005 597 1188 651 cogitas,
1221 602 1295 636 aut
1324 598 1607 650 praecipuam
1635 597 1714 635 ali-

199 659 372 700 2quam
402 649 623 688 fortunam
653 651 874 703 postulare
903 657 980 691 aut
1008 664 1282 691 communem
1311 665 1528 691 recusare.
1569 649 1637 691 De
1665 657 1713 692 te

240 708 386 742 autem
416 704 529 758 ipso,
559 703 794 757 Torquate,
827 712 890 746 est
919 712 1048 746 tuum
1078 709 1140 747 sic
1169 709 1336 762 agitare
1359 709 1516 757 animo,
1547 712 1597 747 ut
1626 719 1714 746 non

240 756 447 798 adhibeas
481 761 528 798 in
557 762 789 800 consilium
822 763 1137 818 cogitationum
1158 769 1334 803 tuarum
1363 761 1714 817 desperationem

240 819 316 852 aut
355 815 570 854 timorem.
630 815 726 856 Nec
766 818 880 856 enim
922 819 981 864 is,
1036 819 1112 871 qui
1150 819 1196 857 in
1235 824 1278 858 te
1312 817 1453 858 adhuc
1493 819 1711 863 iniustior,

242 881 372 925 quam
401 875 475 909 tua
506 869 694 925 dignitas
723 873 979 924 postulabat,
1012 874 1111 923 fuit,
1141 886 1226 911 non
1256 887 1411 929 magna
1441 875 1564 927 signa
1594 871 1716 911 dedit

242 925 377 962 animi
408 937 510 979 erga
540 932 582 966 te
611 928 811 981 mitigati.
871 928 966 968 Nec
995 934 1140 968 tamen
1171 930 1209 968 is
1250 930 1365 982 ipse,
1412 941 1437 967 a
1473 941 1558 981 quo
1596 928 1713 968 salus

242 981 428 1033 petitur,
460 981 587 1021 habet
616 984 875 1036 explicatam
905 990 983 1024 aut
1014 984 1286 1036 exploratam
1316 985 1533 1024 rationem
1563 984 1715 1022 salutis

244 1047 361 1076 suae.
422 1036 654 1091 Quumque
683 1041 877 1078 omnium
907 1040 1122 1079 bellorum
1152 1042 1290 1079 exitus
1320 1040 1478 1079 incerti
1508 1040 1614 1084 sint,
1660 1037 1715 1077 ab

244 1090 379 1139 altera
410 1094 598 1132 victoria
631 1094 712 1133 tibi
743 1095 994 1148 periculum
1024 1095 1195 1134 nullum
1216 1107 1308 1134 esse
1334 1095 1570 1148 perspicio,
1602 1091 1718 1147 quod

245 1145 421 1198 quidem
459 1149 703 1189 seiunctum
741 1152 801 1188 sit
838 1151 890 1189 ab
929 1151 1125 1190 omnium
1162 1152 1370 1198 interitu3
1423 1151 1475 1190 ab
1506 1150 1644 1188 altera
1672 1153 1717 1188 te

203 1202 388 1253 3ipsum
417 1216 641 1257 nunquam
669 1207 868 1244 timuisse
899 1212 1017 1245 certe
1047 1207 1150 1245 scio.
1209 1205 1444 1259 Reliquum
1475 1210 1564 1256 est,
1594 1209 1646 1244 ut
1674 1209 1718 1243 te

246 1254 291 1294 id
320 1258 479 1310 ipsum,
512 1260 630 1312 quod
661 1274 738 1315 ego
770 1263 893 1314 quasi
924 1262 1232 1300 consolationis
1255 1262 1347 1300 loco
1372 1273 1501 1314 pono,
1530 1260 1718 1299 maxime

247 1314 489 1359 excruciet,
537 1327 765 1357 commune
794 1316 1047 1369 periculum
1077 1318 1144 1355 rei
1174 1317 1393 1370 publicae:
1448 1317 1574 1354 cuius
1603 1315 1718 1354 tanti

244 1368 368 1413 mali,
402 1372 599 1421 quamvis
630 1370 746 1410 docti
775 1373 865 1411 viri
895 1374 1030 1411 multa
1062 1371 1234 1422 dicant,
1276 1377 1420 1411 tamen
1451 1383 1631 1419 vereor,
1663 1382 1718 1409 ne

246 1425 486 1464 consolatio
516 1425 637 1465 nulla
666 1429 805 1481 possit
833 1439 939 1468 vera
970 1429 1162 1480 reperiri
1202 1432 1379 1480 praeter
1417 1426 1564 1476 illam,
1609 1437 1719 1479 quae

238 1500 448 1507 ...ψ-..ἢῦ

247 1555 323 1587 que.
351 1545 420 1578 cfr.
447 1544 513 1589 Ep.
541 1547 574 1586 4,
601 1549 633 1581 3.
666 1547 739 1581 ΟΒ.
769 1567 813 1574 -—
841 1551 938 1583 oculi
962 1553 1099 1595 augent
1122 1548 1293 1582 dolorem.
1338 1549 1453 1596 Vrgl.
1480 1549 1568 1589 468,
1596 1551 1615 1582 1
1643 1546 1718 1581 mit

248 1592 336 1626 527:
364 1595 402 1625 in
429 1594 591 1629 omnibus
616 1597 726 1629 malis
752 1604 824 1634 cet.
853 1610 888 1633 u.
910 1600 997 1633 4632
1025 1609 1088 1630 nec
1113 1597 1223 1630 audio
1248 1598 1553 1631 solum—suum
1577 1599 1718 1630 statum

247 1645 382 1680 tenent,
411 1640 494 1675 h'alt
520 1643 604 1676 sich
632 1643 732 1677 noch
750 1655 787 1677 so
810 1645 1000 1679 ziemlich
1021 1646 1075 1678 im
1092 1645 1251 1685 Stande3
1280 1644 1403 1678 damit
1422 1644 1525 1678 steht
1547 1655 1584 1677 es
1604 1642 1717 1683 noch,

250 1688 324 1721 wie
350 1696 466 1723 sonst.
494 1709 539 1714 —
561 1695 733 1737 proprie,
759 1694 984 1738 praecipuo,
1011 1693 1208 1741 singulari
1237 1695 1293 1726 im
1317 1692 1479 1741 Gegens.
1506 1701 1583 1726 von
1609 1691 1718 1740 peri-

251 1737 384 1770 culum
413 1748 631 1774 commune.
682 1741 774 1787 vgl.
803 1753 861 1785 ep.
889 1744 971 1781 516,
998 1743 1030 1776 4.

346 1785 378 1818 2.
428 1787 483 1819 De
509 1792 542 1820 te
568 1814 576 1822 .
603 1815 610 1822 .
639 1791 730 1834 ipso,
758 1789 854 1824 VVas
880 1789 980 1824 Dich
1007 1789 1124 1824 selbst
1150 1789 1319 1837 anlangt.
1343 1807 1390 1813 —
1411 1790 1560 1835 agitare
1579 1789 1718 1829 animo,

252 1831 325 1865 mit
352 1832 515 1870 Deinem
545 1835 676 1870 Geiste
703 1849 748 1870 zu
776 1838 933 1871 walten.
982 1837 1116 1885 Margo
1144 1838 1244 1872 Crat.
1270 1840 1447 1882 cogitare.
1484 1854 1529 1862 —
1559 1848 1631 1870 non
1657 1836 1720 1869 ad-

251 1881 374 1914 hibeas
399 1885 436 1915 in
465 1895 554 1918 cons.
583 1897 660 1930 cog.
689 1891 736 1926 t.‚
764 1886 844 1918 dass
871 1887 932 1919 Du
957 1898 1007 1919 zu
1033 1887 1180 1920 Deiner
1204 1885 1568 1932 Berathschlagung
1592 1884 1719 1918 stilles

253 1928 539 1964 Nachdenkens
555 1957 564 1966 .
576 1960 583 1967 .
597 1958 604 1966 .
621 1933 732 1967 nicht
749 1934 941 1968 zulassest.
953 1953 1000 1959 —
1014 1933 1086 1968 Nec
1103 1961 1109 1967 .
1125 1959 1134 1968 .
1150 1933 1552 1968 rzonzwirklich.--
1569 1935 1612 1973 is,
1630 1932 1720 1967 Cae-

253 1988 326 2010 sar.
362 1978 446 2025 Vgl.
467 1982 558 2017 527:
585 1984 659 2016 eius
686 1986 793 2023 enim,
819 1985 882 2027 qui
908 1982 1053 2016 tardior
1079 1989 1150 2018 cet.
1179 2002 1220 2007 —
1247 1984 1347 2015 salus
1372 1988 1449 2015 tua.
1468 1999 1512 2006 --
1538 1981 1666 2014 habet.
1682 2004 1690 2013 .
1709 2004 1717 2012 .

251 2027 385 2059 salutis
409 2040 512 2068 succe,
551 2030 692 2071 „C'a‘sar
717 2032 834 2064 selbst
859 2030 964 2063 kann
991 2031 1072 2065 sein
1099 2031 1254 2077 eigenes
1282 2030 1370 2063 Heil
1397 2029 1500 2063 noch
1527 2028 1640 2062 nicht
1666 2027 1721 2061 als

251 2075 441 2109 entwirrt
467 2073 570 2111 oder'
594 2079 721 2125 vb'llig·
757 2079 1010 2113 entschieden
1046 2078 1258 2112 ansehen.“
1308 2079 1416 2112 Diess
1451 2077 1607 2111 bezieht
1636 2075 1721 2109 sich

253 2123 323 2154 auf
347 2123 419 2156 den
449 2125 551 2159 noch
577 2120 824 2174 ungenvissen
853 2128 1034 2174 Ausgang
1060 2127 1183 2160 seines
1209 2126 1372 2172 Krieges
1400 2125 1441 2157 in
1463 2124 1647 2170 Spanien,
1674 2123 1721 2157 da

252 2169 381 2204 dieser
406 2172 519 2206 Brief
542 2175 596 2207 im
623 2177 801 2223 Anfange
829 2175 892 2208 des
919 2175 1028 2208 Iahrs
1054 2177 1125 2210 709
1152 2174 1409 2221 geschrieben
1436 2173 1496 2207 ist.
1523 2191 1569 2198 -—
1599 2174 1643 2206 ab
1668 2173 1722 2205 al-

251 2222 333 2252 tera
358 2222 529 2263 victoria,
558 2222 737 2258 Caesaris.
761 2249 768 2257 .
791 2249 798 2256 .
820 2250 828 2257 .
844 2223 889 2257 ab
915 2225 1046 2264 altera,
1074 2221 1471 2266 Pompeianorum.—
1490 2222 1534 2254 ab
1560 2222 1722 2254 omnium

253 2269 407 2301 interit-a
434 2269 457 2302 i.
485 2280 516 2302 e.
544 2282 563 2303 a
591 2271 709 2304 totius
736 2271 795 2307 rei
824 2271 1003 2316 publicae
1031 2271 1218 2311 interitu,
1253 2281 1393 2313 quum,
1427 2269 1458 2302 si
1486 2270 1623 2304 Caesar
1647 2268 1722 2301 hoc

254 2326 407 2360 quoque
433 2316 536 2351 bello
565 2319 815 2363 Hispaniensi
843 2319 1006 2362 vicerit,
1047 2319 1224 2352 omnium
1254 2317 1435 2351 dominus
1469 2318 1623 2351 futurus
1658 2317 1719 2349 sit.

253 2364 389 2407 Itaque
415 2367 622 2410 proprium
650 2374 765 2415 negat
791 2368 1014 2412 periculum
1042 2366 1240 2411 Torquato
1269 2377 1367 2406 esse3
1403 2376 1611 2399 commune
1639 2375 1722 2398 om-

253 2411 364 2444 nium
392 2424 525 2447 rerum
555 2421 591 2449 et
618 2415 766 2448 civium
795 2416 985 2454 concedit.
1024 2415 1126 2449 SCH.

348 2462 380 2495 3.
432 2466 596 2506 quamvis
620 2475 669 2496 Ξ
693 2476 808 2498 wenn
837 2463 933 2496 auch
961 2463 1063 2496 noch
1090 2473 1140 2496 so.
1159 2480 1203 2485 —-
1223 2473 1266 2500 ne
1295 2462 1494 2494 consolatio
1514 2462 1628 2495 nulla.
1656 2458 1722 2493 Sic

252 2506 330 2541 Md.
363 2509 465 2544 Vict.
494 2513 526 2545 1.
559 2513 591 2546 2.
626 2512 756 2545 Lamb.
784 2513 880 2545 ΕΓΗ.
919 2512 1061 2546 Bened.
1091 2511 1200 2544 Mart.
1226 2528 1242 2534 -
1263 2509 1355 2555 Lag.
1389 2508 1475 2544 Sch.
1510 2510 1608 2547 Liin.
1645 2509 1721 2544 ulla

253 2556 374 2601 Neap.
404 2560 486 2593 Asc.
517 2563 547 2593 1.
576 2559 677 2593 Crat.
707 2561 844 2595 Graev.
898 2559 1084 2593 Defendit
1116 2558 1218 2594 hanc
1251 2557 1462 2590 lectionem
1490 2556 1719 2602 Ramshorn.

254 2603 297 2635 in
326 2605 423 2638 Iahn
451 2603 764 2645 Iah’rbiicher
792 2608 883 2643 Vol.
913 2611 944 2641 1.
972 2620 1009 2652 p.
1037 2609 1140 2647 373.‚
1173 2607 1214 2639 in
1242 2615 1285 2638 eo
1314 2611 1418 2638 certe
1445 2616 1590 2645 errans,
1619 2604 1723 2648 quod

253 2650 353 2686 dicit
380 2664 513 2689 omnes
541 2655 632 2691 Cdd.
663 2662 701 2689 et
726 2655 962 2689 Lambinum
990 2655 1134 2690 habere
1161 2654 1250 2688 ulla.
1306 2651 1425 2687 Vides
1451 2653 1607 2686 unicam
1634 2663 1724 2684 auc-

252 2701 454 2747 toritatem
481 2702 559 2740 Md.
596 2708 632 2738 et
666 2704 901 2738 Lambinum
938 2710 1039 2739 stare
1077 2711 1148 2748 pro
1185 2706 1315 2736 nostra
1357 2700 1447 2736 lect.
1479 2700 1518 2735 h·
1552 2700 1578 2735 l·
1611 2700 1725 2734 unice
