1795 3081
523 34 843 84 EPISTOLA
881 36 1155 89 CCCCIV.'
1504 46 1563 92 17

104 158 299 198 omnium
331 155 375 194 in
407 169 474 195 mc
504 156 784 208 probrorum.
827 154 915 194 Hic
936 155 1147 212 Ligurius
1169 160 1340 201 furere:
1370 175 1416 202 so
1447 163 1562 203 cnim

102 216 218 253 scire
248 224 414 250 summo
461 211 589 249 illum
627 209 671 248 in
710 210 811 250 odio
843 210 976 250 fuisse
1007 215 1203 254 Caesari:
1246 218 1373 256 illum
1417 224 1561 258 tamen

103 282 190 307 non
233 265 363 306 modo
401 265 575 317 faxis-se,
619 263 694 304 sed
734 270 777 304 et
814 271 977 305 tantam
1018 268 1086 306 illi
1124 271 1354 322 pecuniam
1392 271 1562 313 dedisse

103 323 284 362 honoris
314 321 400 360 moi
435 332 576 360 causa.
637 321 736 358 Hoc
768 333 848 376 ego
880 320 1035 361 dolore
1065 333 1245 378 accepto
1277 327 1401 366 volui
1431 331 1560 375 scire,

103 378 209 432 quid
251 377 497 429 scripsisset
534 375 588 414 ad
630 383 810 415 ceteros.
879 374 967 428 Ipsi
1007 379 1122 416 enim
1164 380 1233 419 illi
1268 383 1420 435 putavi
1460 397 1560 436 per-

102 435 317 472 niciosum
351 436 459 477 fore,
497 431 534 468 si
574 432 665 470 eius
704 427 787 469 hoc
832 437 1001 470 tantum
1040 433 1181 473 scelus
1224 436 1559 488 percrebuisset.

105 487 300 543 Pognovi
337 485 530 525 eiusdem
571 487 770 540 generis:
825 486 880 524 ad
919 493 960 525 te
1003 489 1123 527 misi:
1166 501 1270 542 quas
1310 494 1346 530 si
1385 493 1560 545 putabis

103 544 172 582 illi
204 543 286 595 ipsi
317 542 426 579 utile
457 554 547 580 esse
579 539 725 590 reddi,
771 540 947 588 reddes3
996 544 1059 581 nil
1101 557 1169 583 me
1212 545 1367 585 laedet.
1430 548 1559 599 Nam,

103 597 219 651 quod
250 597 495 651 resignatae
533 602 648 645 sunt,
691 593 834 645 habet,
875 596 1049 649 opinor,
1097 601 1189 638 eius
1232 601 1405 656 signum
1435 604 1561 642 Pom-

102 655 245 706 ponia.
305 652 402 689 liac
433 652 509 690 illc
538 650 778 690 acerbitate
808 652 938 690 initio
969 655 1265 708 navigatiOnis
1297 670 1429 708 quum
1459 672 1561 697 usus

103 715 228 758 esset,
260 713 380 746 tanto
411 719 479 744 me
510 705 666 744 dolore
703 708 864 756 affecit,
898 713 946 745 ut
975 715 1124 760 postea
1156 711 1390 749 iacuerim:
1422 726 1560 765 neque

102 777 217 802 nunc
257 768 345 801 tam
380 774 461 813 pro
492 774 536 801 se
567 773 693 813 quam
725 768 880 801 contra
909 773 977 800 me
1008 764 1211 804 laborare
1241 765 1421 806 dicitur.
1497 768 1598 811 Ita3

102 817 304 857 omuibus
348 817 477 855 rebus
514 827 709 871 urge0r3
756 829 860 868 quas
898 818 1116 858 sustinere
1162 821 1239 859 vix
1279 832 1453 873 possum
1487 824 1557 861 vel

100 874 228 926 plane
269 872 390 909 nullo
429 870 558 908 modo
591 884 777 924 possum.
850 871 1018 923 Quibus
1056 875 1104 911 in
1145 876 1335 914 miseriis
1374 891 1459 917 una
1496 883 1562 917 est

101 941 182 981 pro
214 927 430 977 omnibus,
462 924 579 977 quod
609 927 736 965 istam
757 928 960 966 miseram
981 934 1120 980 patre,
1152 931 1437 983 patrimonio,
1468 934 1560 971 for-

101 991 207 1023 tuna
237 982 356 1021 omni
386 981 615 1033 spoliatam
646 982 905 1033 relinquam.
976 986 1121 1034 Quare
1152 991 1208 1036 te,
1238 992 1288 1024 ut
1316 987 1559 1039 polliceris,

101 1037 255 1078 videre
285 1038 411 1089 plane¹
440 1037 587 1075 velim.
645 1036 793 1074 Alium
825 1039 955 1088 enim,
988 1040 1058 1076 cni
1089 1040 1213 1079 illam
1244 1041 1559 1093 commendem,

101 1092 238 1132 habeo
270 1093 508 1139 neminem3
553 1093 758 1144 quoniam
794 1094 929 1132 matri
968 1106 1139 1146 quoque
1176 1094 1325 1135 eadem
1359 1098 1561 1137 intellexi

101 1161 191 1188 esse
230 1153 394 1200 parata,
435 1159 543 1199 quac
581 1146 701 1185 mihi.
762 1145 861 1191 Sed,
903 1149 940 1185 si
975 1162 1044 1188 me
1079 1163 1167 1188 non
1206 1151 1414 1202 offendes,
1456 1154 1561 1192 satis

101 1210 245 1244 tamen
274 1202 431 1241 habeto
464 1201 810 1242 commendatam
838 1209 1130 1256 patruumque
1170 1206 1216 1244 in
1247 1220 1309 1253 ea,
1351 1214 1561 1260 quantum

102 1319 136 1353 S.
164 1315 313 1351 Ramsh.
341 1316 369 1359 ξ),
400 1317 477 1355 168,
505 1317 538 1350 5.
575 1316 720 1350 Grotef.
750 1318 777 1360 ξ.
807 1320 885 1353 170.
920 1334 966 1342 ——-
990 1319 1131 1363 favisse
1166 1321 1249 1354 scil.
1284 1321 1376 1356 olim
1414 1322 1561 1370 legatus

101 1366 174 1400 sibi
199 1371 240 1397 ut
267 1370 360 1398 esset
401 1364 650 1397 decernendo.
688 1366 790 1398 SCH.
829 1366 982 1409 favisse.
1018 1367 1082 1401 Sic
1110 1368 1178 1401 Md.
1212 1381 1231 1401 a
1266 1381 1337 1403 sec.
1379 1382 1428 1403 m.
1464 1371 1559 1404 Ball.

102 1413 262 1447 Helmst.
299 1412 414 1445 Oxon.
445 1415 475 1445 1.
503 1414 535 1445 2.
574 1412 709 1446 GraeV.
737 1412 848 1456 Seqq.
867 1413 1009 1455 fovisse
1037 1416 1117 1448 Asc.
1148 1420 1177 1450 1.
1214 1416 1310 1451 Crat.
1340 1414 1438 1462 Victf
1467 1422 1498 1452 1.·
1525 1421 1560 1454 2.

101 1460 230 1494 Lamb.
257 1459 394 1493 Bened.
413 1458 533 1502 fuisse
561 1458 632 1491 Md,
660 1472 679 1492 a
708 1471 764 1503 pr.
793 1472 840 1493 m.
864 1458 961 1495 lens.
992 1464 1064 1496 ΟΠ.
1087 1481 1132 1487 -—
1153 1464 1203 1497 cul
1220 1467 1366 1506 ceteros,
1395 1466 1441 1498 ad
1467 1477 1560 1510 quos

102 1507 282 1553 epistolae
310 1506 522 1553 obsignatae
550 1506 591 1539 in
618 1505 748 1540 eodem
775 1505 959 1542 fasciculo
988 1507 1151 1545 inerant.
1182 1513 1282 1546 SCH.
1322 1531 1368 1538 ——
1407 1509 1561 1549 eiusdem

99 1559 240 1602 generis
265 1553 409 1592 literas,
436 1553 500 1586 ich
526 1554 627 1593 saud,
656 1554 708 1587 las
735 1555 859 1589 Briese
887 1556 1088 1591 dersclben
1115 1557 1194 1592 Art.
1238 1577 1282 1585 -—
1334 1560 1467 1595 reddes.
1520 1558 1560 1596 Si

99 1603 245 1649 putabis
270 1600 372 1634 nihil
398 1613 536 1635 nocere
562 1612 669 1645 posse
696 1602 847 1645 Quinto,
881 1603 909 1635 si
938 1603 1027 1638 illae
1056 1605 1236 1650 epistolae
1263 1606 1308 1641 iis
1336 1609 1558 1653 reddantur,

100 1652 233 1696 quibus
260 1650 469 1694 inscriptae
496 1655 595 1689 sunt,
625 1649 725 1683 nihil
752 1650 934 1696 impedio,
975 1664 1048 1696 quo
1086 1655 1213 1687 minus
1242 1667 1299 1688 eas
1326 1656 1387 1689 his
1415 1658 1557 1691 reddas.

99 1700 158 1733 Me
185 1698 287 1732 enim
313 1709 390 1732 non
417 1696 551 1738 laedet,
579 1697 649 1730 illa
674 1699 806 1732 fratris
832 1700 872 1732 in
908 1712 968 1733 me
1002 1702 1141 1745 probra
1183 1702 1294 1736 etiam
1331 1716 1351 1736 a
1384 1706 1559 1749 pluribus

100 1747 189 1796 legi.
225 1747 327 1780 SCH.
366 1763 413 1770 -—-
450 1745 546 1791 quod
568 1749 698 1790 resign.
727 1753 822 1788 sunt,
858 1760 935 1781 was
971 1746 1057 1782 ihre
1085 1751 1367 1799 Entsiegelung·
1400 1753 1557 1787 betrifft.

98 1814 146 1820 —
171 1798 246 1829 eius
278 1797 434 1839 signum,
476 1804 550 1838 qno
587 1793 769 1837 epistolae
804 1807 824 1828 a
857 1808 919 1829 me
952 1797 1167 1844 resignatae
1200 1809 1330 1832 rursus
1363 1800 1558 1849 obsignari

99 1848 265 1888 possunt.
293 1843 395 1875 SCH.
423 1859 468 1866 -—
506 1842 716 1886 Pomponia,
753 1842 881 1884 Quinti
918 1855 1026 1885 uxor,
1060 1856 1168 1879 soror
1205 1847 1332 1880 Attici.
1368 1867 1415 1872 —
1449 1852 1559 1883 initio

98 1893 358 1936 navigationis,
402 1901 518 1933 quum
564 1895 649 1934 post
690 1901 859 1938 pugnam
897 1891 1150 1926 Pharsalicam
1189 1894 1424 1938 aliquamdiu
1470 1908 1559 1930 con·

99 1944 268 1975 vectores
286 1943 407 1972 essent
429 1939 575 1970 Marcus
597 1943 632 1971 et
652 1937 810 1979 Quintus
831 1939 1037 1982 eademque
1061 1942 1148 1974 navi
1176 1947 1399 1983 uterentur3
1428 1948 1558 1988 postea

98 1998 190 2021 vero
217 1986 484 2023 discesserunt,
512 1987 637 2019 Marco
657 1986 918 2028 Brundisium,
948 1987 1086 2029 Quinto
1109 1990 1237 2023 Asiam
1260 1996 1424 2034 petente.
1454 1994 1555 2026 SCH.

98 2035 133 2070 S.
163 2047 219 2079 ep.
250 2033 473 2075 CCCXCVL
499 2035 532 2066 ll.

192 2097 224 2129 3.
274 2107 343 2139 pro
370 2095 543 2127 omnibus.
602 2093 726 2142 Lego:
757 2106 858 2140 prae⁸
917 2095 978 2130 Sic
1002 2108 1071 2141 pro
1097 2107 1168 2141 pro
1192 2110 1283 2142 prae
1308 2100 1377 2144 Ep.
1404 2100 1439 2140 7,
1466 2100 1494 2143 §.
1521 2102 1555 2135 6.

97 2144 214 2176 Oxon.
249 2142 281 2176 2.
327 2141 366 2174 in
404 2141 484 2174 illis
521 2155 613 2187 prae
637 2145 743 2184 fletu.
795 2144 984 2178 ORELLJ.
1019 2163 1066 2169 —
1100 2148 1300 2189 spoliatam
1339 2149 1554 2193 relinquam.

97 2191 231 2224 Cicero
259 2189 361 2223 enim
388 2194 480 2222 tunc
505 2195 667 2234 propter
693 2192 972 2226 accusationem
1001 2198 1036 2226 et
1064 2193 1289 2237 calumnias,
1317 2205 1407 2238 quas
1433 2197 1557 2229 frater

96 2243 134 2272 et
160 2238 240 2271 eius
266 2237 367 2270 filius
393 2236 432 2269 in
459 2249 568 2269 suum
596 2243 708 2282 caput
733 2238 832 2282 apud
859 2240 1055 2274 Caesarem
1085 2241 1339 2283 effundebant,
1366 2244 1555 2277 metuebat

96 2286 278 2319 bonorum
304 2282 622 2329 proscriptionem
650 2291 686 2318 et
713 2293 864 2319 suorum
894 2293 929 2321 et
955 2288 1095 2322 uxoris.
1160 2290 1262 2322 Hinc
1298 2291 1466 2324 tristiora
1494 2300 1556 2325 co-

97 2332 234 2380 gitavit
272 2332 316 2365 de
350 2338 473 2366 morte
510 2333 581 2366 sibi
619 2329 897 2368 consciscenda.
960 2336 1127 2380 Ideoque
1165 2331 1334 2371 Tulliam
1374 2343 1554 2382 tanquam

96 2377 305 2414 moriturus
340 2380 577 2414 commendat
612 2381 838 2425 Pomponi03
881 2387 929 2423 ct,
968 2384 999 2416 si
1026 2389 1199 2418 mortuus
1225 2386 1342 2419 fuerit
1382 2384 1473 2427 (hoc
1500 2391 1555 2420 est

97 2429 222 2463 enim:
250 2431 282 2462 si
304 2440 359 2461 me
383 2441 453 2462 non
481 2426 635 2470 offendes
660 2429 774 2472 paulo
801 2434 916 2474 post),
943 2436 1146 2476 antequam
1174 2433 1321 2467 Atticus
1348 2445 1385 2468 se
1413 2442 1556 2467 conve-

97 2472 209 2516 nerit,
255 2479 377 2523 rogat,
417 2480 459 2508 ut
491 2486 571 2509 eam
611 2478 910 2511 commendatam
950 2479 1020 2512 sibi
1062 2476 1196 2523 habeat
1229 2486 1265 2514 et
1299 2481 1334 2515 ei
1373 2486 1554 2525 patruum

97 2524 278 2567 Quintum
306 2523 543 2557 reconciliet.
607 2524 739 2567 Itaque
776 2522 841 2558 hic
878 2523 993 2566 dolet,
1035 2527 1138 2571 quod
1166 2528 1273 2561 illam
1301 2529 1468 2563 moriens
1495 2539 1555 2564 re-

97 2572 248 2615 linquat
275 2582 351 2604 non
377 2568 501 2604 solum
527 2576 647 2615 patre,
692 2569 756 2605 sed
792 2578 828 2606 et
865 2574 1037 2608 omnibus
1073 2572 1181 2608 bonis
1215 2570 1418 2621 privatam,
1462 2577 1554 2622 quia

97 2629 213 2664 aeque
239 2628 303 2652 sua
330 2627 372 2652 ac
399 2614 600 2653 Terentiae
627 2620 754 2652 uxoris
788 2619 884 2655 bona
910 2623 1223 2667 proscripturum
1251 2624 1448 2658 Caesarem
1475 2637 1554 2659 esse

98 2667 284 2702 credebat.
324 2663 499 2701 GRAEV.
544 2667 649 2700 Dazu
690 2664 778 2702 kam
817 2669 918 2704 noch
961 2665 1025 2703 ihr
1062 2669 1166 2705 iibles
1203 2671 1448 2706 Verh'altniss
1479 2673 1554 2707 mit

151 2736 229 2773 Cic.
245 2735 372 2773 Briere
386 2749 421 2774 v.
437 2735 596 2775 Billerb.
618 2738 688 2775 111.
1223 2735 1248 2774 2
