1795 3081
578 45 901 98 EPISTOLA
939 47 1119 96 CCCC.
1561 54 1593 98 9

341 167 664 217 EPISTOLA
700 168 879 216 CCCC.
950 167 1032 227 (ad
1065 169 1166 216 Att.
1204 168 1286 217 XI.
1321 171 1393 230 7.)

362 257 442 291 scr.
470 257 563 292 xlv.
590 257 674 290 Kal.
703 258 781 290 lan.
809 257 850 291 A.
881 258 924 291 U.
954 257 992 291 c.
1019 259 1101 292 706.
1139 260 1187 299 (a.
1217 258 1257 292 0.
1285 260 1362 301 48.)

132 328 303 373 Exponit
341 329 506 362 rationes
545 328 700 361 consilii
736 329 794 361 sui
832 328 1081 361 Brundisium
1117 329 1295 362 veniendi
1320 330 1518 375 variasque
1546 343 1592 365 ex

134 387 177 409 eo
205 376 435 410 offensiones
462 382 498 410 et
526 376 818 409 sollicitudines.
848 379 976 411 l—ll.
1022 387 1146 409 causas
1174 377 1297 416 affert,
1335 378 1380 412 ob
1408 391 1498 423 quas
1524 380 1593 412 At-

133 424 252 456 ticum
278 424 416 457 Romae
443 436 609 461 manere,
648 435 759 467 quam
787 425 832 457 ad
861 436 898 458 se
925 424 1070 464 venire,
1096 424 1220 456 malit.
1247 426 1374 461 5—6.
1415 428 1520 460 addit
1547 429 1592 461 de

132 472 256 506 literis
282 482 349 506 suo
376 472 532 506 nomine
559 471 736 516 scriptis;
766 472 810 505 de
838 472 983 514 Quintis
1010 477 1119 516 patre
1148 476 1184 504 et
1210 472 1304 507 filio.
1333 477 1366 509 7.
1413 475 1592 520 epistolas

499 520 750 554 creberrimas
778 520 821 552 ab
848 520 976 553 Attico
1005 519 1160 564 expetit.
1188 521 1222 555 8.

630 591 806 625 CICERO
840 590 1017 626 ATTICO
1053 591 1089 625 S.

241 663 404 704 Gratas
434 671 534 704 tuae
565 663 675 702 mihi
714 663 871 703 literae
912 670 1024 710 sunt,
1066 664 1223 716 quibus
1254 673 1460 707 accurate
1490 682 1590 721 per-

133 719 351 771 scripsisti
395 721 557 769 omnia‚
599 731 708 772 quae
757 718 812 758 ad
856 732 924 758 me
967 720 1193 772 pertinere
1242 721 1485 761 arbitratus
1531 737 1589 762 es.

130 775 308 813 Factum
339 776 493 831 igitur,
534 780 586 813 ut
622 774 781 812 scribis
811 775 906 813 istis
936 775 1113 826 placere
1150 774 1305 814 iisdem
1334 777 1431 817 istis
1462 779 1592 817 licto-

131 830 254 868 ribus
284 844 352 869 me
382 831 463 881 uti,
506 827 623 882 quod
653 842 904 868 concessum
934 828 1078 868 Sestio
1118 831 1201 877 sit;
1248 831 1319 869 cui
1357 845 1446 871 non
1484 840 1591 886 puto

130 896 231 923 suos
262 899 351 925 esse
383 898 622 932 concessos,
654 883 729 923 sed
758 885 811 924 ab
842 886 937 938 ipso
968 883 1105 924 datos.
1172 885 1315 924 Audio
1346 889 1462 926 enim
1493 902 1592 928 eum

132 952 182 978 ea
212 947 384 979 senatus
415 941 610 980 consulta
639 940 906 992 improbare,
949 953 1058 992 quae
1096 946 1195 992 post
1234 940 1470 981 discessum
1509 945 1594 982 tri-

130 995 350 1034 bunorum
380 998 496 1035 facta
525 1000 637 1034 sunt.
699 996 844 1047 Quare
864 997 1046 1049 poterit,
1075 997 1112 1033 si
1132 996 1252 1036 volet
1267 998 1351 1036 sibi
1370 1005 1590 1049 constare,

131 1057 305 1089 nostros
343 1052 523 1090 lictores
566 1051 870 1104 comprobare.
945 1049 1217 1102 Quamquam
1267 1052 1373 1104 quid
1419 1067 1500 1109 ego
1541 1053 1635 1093 dez

130 1106 381 1159 lictoribus,
412 1107 488 1159 qui
518 1119 654 1158 paene
684 1119 737 1145 ex
766 1106 896 1145 Italia
926 1105 1137 1145 decedere
1164 1108 1246 1145 sim
1276 1109 1447 1147 iussus?
1477 1108 1593 1148 Nam

132 1159 187 1200 ad
216 1175 285 1200 me
324 1162 444 1200 misit
473 1161 688 1201 Antonius
726 1162 972 1214 exemplum
1002 1160 1202 1201 Caesaris
1250 1161 1305 1202 ad
1349 1177 1394 1202 se
1439 1164 1592 1203 litera-

132 1229 244 1263 rum,
274 1218 321 1255 in
350 1217 506 1269 quibus
538 1223 647 1267 erat,
679 1229 723 1255 se
754 1215 927 1256 audisse
957 1215 1166 1256 Catonem
1204 1223 1247 1257 et
1274 1219 1325 1258 L.
1357 1218 1593 1258 Metellum

132 1272 178 1310 in
207 1271 382 1310 Italiam
409 1274 595 1323 venisse,
633 1272 798 1312 Romae
836 1278 887 1311 ut
926 1278 1068 1311 essent
1103 1272 1271 1325 palam:
1313 1273 1359 1312 id
1388 1275 1474 1313 sibi
1504 1287 1593 1314 non

163 1327 324 1378 lacere,
353 1340 406 1366 ne
437 1329 511 1380 qui
540 1333 683 1366 motus
713 1341 766 1366 ex
797 1340 848 1366 eo
878 1328 1060 1375 fierent3
1091 1328 1411 1382 prohiberique
1443 1340 1592 1369 omnes

155 1382 276 1431 talia,
314 1383 399 1420 nisi
440 1394 628 1434 quorum
666 1384 757 1435 ipse
797 1395 970 1420 causam
1010 1385 1311 1438 cognovisset:
1357 1383 1497 1437 deque
1540 1398 1592 1425 eo

132 1437 434 1476 vehementius
478 1443 574 1475 erat
610 1439 837 1489 scriptum.
902 1436 1054 1488 Itaque
1094 1438 1310 1477 Antonius
1348 1441 1526 1492 petebat
1569 1454 1594 1480 a

131 1505 201 1531 me
231 1505 310 1545 per
339 1493 506 1541 literas,
535 1497 585 1530 ut
613 1492 698 1530 sibi
728 1493 1025 1547 ignoscerem:
1078 1494 1223 1531 facere
1259 1507 1304 1533 se
1334 1508 1422 1533 non
1452 1508 1593 1548 posse,

133 1548 238 1600 quin
276 1548 331 1585 iis
371 1547 515 1586 literis
545 1553 736 1599 pareret.
797 1546 912 1585 Tum
942 1545 997 1585 ad
1028 1559 1127 1585 eum
1157 1549 1257 1586 misi
1287 1549 1340 1591 L.
1374 1550 1592 1602 Lamiam,

227 1665 259 1696 1.
309 1664 438 1695 literae
463 1666 559 1700 suns,
586 1661 680 1694 Ern.
708 1672 806 1705 susp.
825 1659 994 1705 fuerunt.
1032 1680 1079 1685 —-
1116 1663 1271 1694 Factum
1298 1665 1430 1708 igitur,
1471 1676 1507 1699 es
1544 1666 1593 1699 ist

133 1708 210 1742 also
237 1709 426 1743 wirklich
453 1709 521 1743 der
546 1709 645 1743 Fau.
672 1728 719 1733 —
746 1712 828 1744 istis
855 1709 1023 1744 Caesaris
1049 1709 1185 1742 amicis
1206 1712 1366 1754 placere,
1392 1712 1436 1746 de
1458 1714 1593 1756 quibus

133 1768 255 1790 sermo
282 1758 355 1790 fuit
389 1769 446 1802 ep.
473 1760 555 1795 398,
581 1760 614 1792 3.
642 1758 708 1791 sub
735 1757 800 1790 fin.
834 1775 878 1782 —
920 1758 957 1791 P.
986 1758 1115 1798 Sestio,
1158 1757 1226 1790 der
1259 1758 1341 1792 sich
1376 1759 1475 1793 nach
1508 1761 1594 1795 dem

134 1804 423 1839 Pharsalischen
456 1805 614 1838 Treffen
652 1806 737 1839 dem
765 1805 880 1839 C'zisar
911 1806 1135 1839 unterwarf.
1181 1806 1266 1853 Vgl.
1303 1808 1397 1841 iiber
1433 1807 1503 1841 ihn
1533 1821 1592 1854 ep.

134 1856 216 1888 339.
243 1856 325 1889 302.
351 1856 432 1888 229.
459 1853 539 1886 und
563 1855 618 1888 15.
645 1873 692 1878 —
717 1855 779 1887 sed
802 1855 846 1887 ab
873 1856 952 1898 ipso
981 1853 1139 1887 Caesare
1165 1853 1282 1897 datos,
1311 1855 1477 1890 sondern
1503 1869 1594 1891 vom

135 1900 246 1934 C'zisar
272 1901 354 1934 ihm
381 1906 457 1935 erst
483 1902 666 1948 gegeben.
718 1902 777 1935 Im
797 1902 961 1949 GegenS.
985 1912 1061 1934 von
1088 1914 1281 1944 concessos,
1302 1903 1595 1939 beizubehalten

132 1955 340 1983 verstattet.
367 1968 415 1974 —-
449 1962 539 1991 eum,
576 1949 773 1983 Caesarem
798 1950 1018 1994 improbare,
1045 1949 1195 1983 erkl'cire
1229 1952 1294 1983 fiir
1327 1952 1507 2000 ung-iiltit>

131 2003 226 2042 post.
254 1999 395 2031 discess.
420 2000 504 2032 trib.
534 1998 575 2030 in
592 1997 789 2042 principio
811 1997 906 2031 belli
934 1997 1073 2035 civilis,
1099 2009 1216 2041 quum
1236 1999 1279 2031 ab
1301 1999 1394 2033 urbe
1415 2001 1596 2047 fugerent

134 2045 179 2077 ad
205 2046 411 2079 Caesarem.
464 2047 566 2078 ΒΘΗ.
617 2047 689 2079 Das
715 2045 846 2079 thaten
873 2045 1059 2079 Antonius
1087 2045 1165 2078 und
1193 2045 1232 2087 Q.
1261 2046 1420 2081 Cassius.
1472 2048 1507 2082 S.
1535 2061 1593 2094 ep.

134 2092 255 2127 CCCI.
293 2093 459 2138 Philipp.
485 2094 554 2127 ΙΙΙ.
592 2096 647 2127 10.
707 2093 814 2126 Nach
852 2093 992 2127 diesem
1021 2092 1259 2128 Grundsatze
1297 2095 1442 2129 konnte
1479 2096 1592 2130 casat-

135 2140 194 2174 die
221 2152 309 2175 vom
335 2141 449 2175 Senat
477 2141 715 2189 geschehene
733 2142 971 2190 Ernennung
998 2141 1060 2174 des
1085 2141 1226 2176 Sestius
1252 2155 1339 2176 zum
1364 2145 1592 2189 Propraetor

134 2199 209 2222 von
235 2189 401 2222 Cilicien
429 2201 515 2222 cum
543 2189 707 2234 imperio
741 2189 849 2222 nicht
875 2190 939 2222 fiir
974 2189 1102 2237 giiltig
1137 2190 1329 2225 erkl'ziren.
1365 2210 1412 2216 —-
1448 2198 1593 2227 nostros

136 2238 293 2278 lictores,
337 2237 403 2281 qui
439 2237 540 2270 mihi
584 2248 660 2270 non
698 2243 785 2270 sunt
829 2243 977 2270 senatus
1019 2237 1193 2270 consulto
1228 2244 1313 2283 post
1346 2239 1591 2274 tribunorum

136 2284 335 2318 discessum
364 2285 462 2327 dati3
500 2285 564 2319 sed
589 2286 710 2319 multo
738 2290 823 2319 ante
849 2290 891 2318 ut
918 2285 1079 2319 Ciliciae.
1106 2287 1339 2330 proconsuli.
1374 2289 1477 2321 SCH.

1487 1965 1596 1986 0⁸,—

230 2345 263 2379 2.
319 2346 546 2391 Quamquam
571 2357 618 2378 =
645 2344 892 2393 gleichwohl,
927 2343 1037 2378 doch.
1074 2363 1116 2369 —-
1151 2346 1192 2379 de
1218 2348 1407 2382 lictoribus
1440 2349 1592 2392 loquor.

136 2411 181 2416 -—-
209 2396 271 2438 qui
295 2403 343 2424 z
370 2404 484 2437 quum
513 2405 594 2440 ego.
622 2412 669 2417 —
700 2394 740 2428 L.
771 2393 980 2427 Caecilium
1007 2394 1200 2426 Metellum.
1261 2395 1343 2428 Vid.
1374 2407 1430 2440 ep.
1458 2399 1528 2432 347
1555 2402 1593 2431 et

137 2452 192 2484 ep.
219 2442 300 2476 366.
338 2461 380 2467 —
413 2443 666 2487 prohiberique
692 2454 810 2475 omnes
836 2441 1081 2485 Pompeianos
1107 2443 1236 2483 Italia,
1276 2443 1353 2475 und
1387 2455 1423 2477 es
1450 2446 1591 2485 sollten

137 2488 212 2522 alle
238 2500 464 2536 gewesenen
491 2489 698 2537 Axnli'a'nger
723 2489 784 2522 des
810 2489 1007 2533 Pompeius
1046 2501 1108 2522 aus
1135 2490 1277 2523 Italien
1303 2491 1592 2541 zur'uckgewie-

136 2547 202 2569 sen
227 2536 396 2578 werden,
439 2549 515 2571 von
541 2538 657 2571 deren
684 2536 803 2571 Sache
838 2547 880 2569 er
913 2536 1022 2569 nicht
1056 2537 1171 2571 selbst
1197 2538 1398 2572 Kenntniss
1436 2552 1593 2587 genoni-

137 2596 225 2618 men
250 2584 356 2617 habe.
384 2602 427 2609 —·
448 2585 576 2629 facere
601 2598 673 2619 non
700 2598 810 2630 posse,
838 2586 937 2630 quin,
965 2596 1007 2618 er
1034 2585 1158 2618 k'o'nne
1186 2585 1293 2618 nicht
1322 2587 1590 2622 umhin...zu.

137 2631 174 2664 S·
200 2631 346 2665 Ramsh.
376 2636 406 2673 ἓ.
434 2635 514 2674 185,
540 2636 574 2668 2.
615 2633 761 2666 Grotes.
789 2635 818 2673 ἒ.
847 2635 929 2672 401,
956 2634 988 2667 2.
1028 2652 1068 2658 —
1110 2636 1167 2673 iis,
1203 2634 1275 2666 Md.
1303 2635 1402 2668 Vict.
1433 2639 1463 2670 1.
1498 2637 1590 2670 Ern.

138 2679 204 2713 his.
231 2699 277 2705 —
302 2681 342 2715 L.
371 2683 552 2722 Lamiam,
592 2681 702 2715 einen
727 2680 957 2715 Romischen
984 2681 1108 2714 muer
1142 2681 1221 2714 und.
1259 2682 1410 2718 besoud.
1439 2684 1594 2719 Freuud
