1795 3081
197 75 293 123 166
456 72 528 119 M.
563 73 616 120 Τ.
657 66 1003 119 CICERONIS
1040 67 1419 117 EPISTOLAE.

199 195 312 239 nihil
350 207 458 245 opus
492 193 576 231 sit:
619 198 778 240 tamen,
818 190 1025 242 quoniam
1071 189 1158 227 tuis
1202 189 1371 241 placuit
1409 194 1452 228 te
1495 188 1658 226 habere

198 263 314 289 meas
346 250 511 296 literas,
541 260 646 299 quas
678 247 718 285 ei
748 243 970 293 redderes,
1012 255 1180 282 molem
1210 244 1264 283 iis
1294 244 1420 299 gessi.
1498 243 1660 283 Earum

201 306 434 349 literarum
465 302 712 356 exemplum
740 302 858 341 infra
888 299 1102 352 scliptum
1134 305 1208 338 est.

290 534 608 585 EPISTOLA
645 535 1071 589 CCCCLXXVII.
1123 535 1206 593 (ad
1241 534 1353 583 Div.
1386 534 1470 583 VI.
1506 534 1572 590 9.)

249 648 326 684 Scr.
356 648 493 685 Romae
521 648 652 683 eodem
679 647 752 689 die,
780 659 855 692 quo
883 648 1060 692 superior
1087 647 1128 680 A.
1156 648 1199 682 U.
1228 648 1265 682 C.
1292 649 1373 682 708.
1410 648 1459 689 (a.
1480 646 1518 680 C.
1539 646 1613 685 46.)

515 743 696 776 Furfanio
724 742 929 777 Caecinam
956 743 1210 777 commendat.
1246 744 1350 777 1—2.

469 840 516 871 M.
576 838 752 873 CICERO
811 838 1062 872 FURFANIO
1120 837 1310 872 PROCOS.
1364 838 1399 872 S.

312 934 420 974 Cum
451 932 500 971 A.
533 933 722 973 Caecina
752 940 874 973 tanta
904 934 1015 973 mihi
1053 935 1334 973 familiaritas
1374 931 1664 973 consuetudo-

204 1001 285 1041 que
316 1002 487 1041 semper
516 990 616 1039 fuit,
647 997 697 1028 ut
726 990 847 1028 nulla
878 990 1022 1027 maior
1052 1003 1142 1029 esse
1171 990 1321 1042 possit.
1371 987 1485 1027 Nam
1516 995 1560 1027 et
1588 1001 1663 1041 pa-

202 1050 271 1082 tre
301 1044 408 1093 eius,
453 1045 575 1083 claro
614 1044 790 1084 homine
828 1051 872 1084 et
901 1045 1011 1083 forti
1040 1045 1157 1093 viro,
1204 1045 1445 1097 plurimum
1482 1045 1552 1082 usi
1593 1056 1664 1081 su-

201 1112 323 1136 mus:
356 1105 398 1137 et
427 1099 542 1137 hunc
579 1112 603 1137 a
646 1113 799 1153 puero,
836 1099 954 1152 quod
991 1105 1034 1138 et
1072 1112 1191 1152 spem
1222 1112 1423 1154 magnam
1461 1099 1571 1136 mihi
1601 1099 1666 1137 af-

201 1154 374 1192 ferebat
403 1167 595 1193 summae
625 1156 861 1208 probitatis
897 1168 1175 1206 summaeque
1213 1155 1490 1206 eloquentiae
1526 1159 1569 1192 et
1597 1154 1665 1192 vi-

201 1208 333 1248 vebat
362 1222 529 1248 mecum
561 1211 919 1249 coniunctissime
949 1222 1036 1248 non
1067 1211 1209 1248 solum
1239 1210 1397 1248 officiis
1427 1210 1666 1258 amicitiae,

202 1263 278 1303 sed
308 1265 440 1303 etiam
479 1263 634 1304 studiis
671 1265 989 1314 communibus,
1027 1265 1090 1304 sic
1133 1278 1305 1318 semper
1348 1263 1500 1315 dilexi,
1540 1264 1664 1302 nullo

161 1323 251 1370 2ut
289 1332 386 1358 cum
424 1320 600 1359 homine
639 1321 916 1359 coniunctius
958 1321 1172 1366 viverem.
1232 1320 1359 1359 Nihil
1400 1321 1560 1358 attinet
1597 1331 1665 1358 me

203 1374 334 1427 plura
363 1376 584 1413 scribere:
627 1389 756 1427 quam
795 1375 905 1413 mihi
949 1387 1124 1413 necesse
1164 1376 1223 1413 sit
1261 1376 1353 1414 eius
1397 1375 1582 1413 salutem
1623 1380 1665 1413 et

203 1431 403 1468 fortunas
439 1430 768 1482 quibuscuncrue
805 1430 935 1470 rebus
975 1431 1137 1482 possim
1177 1430 1309 1479 tueri,
1348 1429 1484 1469 vides.
1544 1429 1665 1468 Reli-

205 1497 337 1536 quum
376 1492 453 1534 est,
494 1491 557 1535 ut,
600 1499 732 1538 quum
777 1485 1008 1540 cognorim
1044 1485 1246 1537 pluiibus
1287 1485 1431 1535 rebus,
1476 1483 1582 1537 quid
1618 1491 1667 1524 tu

204 1545 248 1579 et
278 1538 331 1578 de
361 1540 577 1579 bonorum
608 1542 679 1578 foi
685 1547 787 1579 tuna
825 1546 868 1579 et
905 1539 957 1579 de
997 1541 1064 1578 lei
1099 1541 1303 1592 publicae
1341 1540 1666 1579 calamitatibus

205 1595 406 1645 sentires,
454 1595 568 1634 nihil
606 1609 631 1634 a
667 1602 710 1634 te
748 1601 908 1647 petam,
956 1595 1040 1633 nisi
1077 1601 1126 1633 ut
1169 1594 1223 1633 ad
1253 1608 1347 1633 eam
1377 1596 1666 1645 voluntatem,

206 1662 336 1701 quam
366 1656 441 1690 tua
480 1657 634 1703 sponte
675 1663 724 1688 e1
726 1663 779 1705 ga
819 1650 1051 1689 Caecinam
1087 1650 1318 1689 habitmus
1354 1663 1481 1700 esses,
1520 1656 1668 1688 tantus

206 1705 406 1744 cumulus
448 1705 628 1744 accedat
670 1682 1046 1744 commendatione
1087 1717 1196 1754 mea,
1252 1707 1404 1756 quanti
1445 1718 1514 1744 me
1557 1717 1582 1743 a
1625 1711 1668 1743 te

205 1759 304 1798 fieri
334 1760 550 1815 intelligo
610 1760 709 1800 Hoc
739 1761 848 1799 mihi
878 1761 1045 1815 gratius
1076 1762 1223 1799 facere
1253 1759 1365 1799 nihil
1394 1766 1530 1812 potes.

206 1922 348 1956 bieten.
377 1942 418 1947 —
446 1934 556 1961 mecm,
585 1933 660 1957 von
689 1922 771 1957 mir„
816 1942 855 1946 ψ
896 1935 1030 1957 morem
1055 1924 1102 1956 iis
1126 1925 1231 1968 gessi,
1270 1933 1309 1955 5ο
1338 1921 1432 1955 habe
1459 1921 1524 1955 ich
1551 1922 1669 1956 ihnen

206 1970 280 2004 den
306 1970 462 2005 Willen
489 1970 646 2018 gethan.

301 2065 560 2098 FURFANIO.
611 2066 743 2099 Dieser
768 2065 808 2099 T.
837 2066 1042 2108 Furfanius
1061 2067 1257 2099 Postumus
1283 2065 1383 2100 wir-d
1410 2066 1450 2098 in
1476 2065 1544 2100 der
1568 2065 1669 2099 Rede

205 2122 276 2157 pro
306 2113 445 2146 Milone
473 2124 504 2147 e.
530 2115 576 2148 27
602 2114 656 2146 als
684 2115 746 2147 ein
772 2113 862 2147 sehr
896 2113 1286 2161 achtungswiirdiger
1313 2115 1426 2163 Manu
1453 2114 1667 2160 gepriesen.

300 2188 330 2218 1.
385 2190 417 2217 et
436 2185 539 2219 hanc.
569 2185 662 2218 Inde
689 2198 708 2217 a
736 2198 769 2218 v.
797 2186 888 2218 hunc
909 2196 1025 2228 usque
1053 2184 1099 2216 ad
1116 2185 1204 2228 ficri
1222 2187 1388 2231 intelligo
1414 2185 1527 2219 habes
1554 2185 1669 2218 huius

206 2231 275 2275 Ep.
305 2232 499 2276 epitomen
535 2234 575 2265 in
603 2233 666 2268 cd
695 2233 941 2267 'l'aurinensis
975 2232 1150 2275 reliquiis
1186 2233 1227 2265 in
1263 2234 1445 2277 Peyxonis
1479 2235 1668 2278 Fragmm.

209 2281 284 2314 (7¹,1c
312 2292 348 2323 p.
378 2282 457 2315 117.
488 2282 560 2314 OR.
599 2298 639 2305 —
675 2294 746 2314 ‚mm
773 2284 910 2316 solum
942 2292 1107 2321 .c0mm‚
1150 2280 1261 2313 nitht
1299 2293 1372 2314 nur·
1397 2292 1536 2329 wegen
1563 2293 1670 2314 unse-

208 2338 273 2359 rex
299 2339 366 2374 geo
350 2329 589 2375 enseitigen
617 2328 983 2375 Dimistleismnwen,
1018 2329 1181 2361 sondern
1216 2328 1312 2362 auch
1341 2341 1476 2376 wegen
1510 2340 1669 2364 unserer

207 2375 626 2421 gcmeinschastlichen
654 2376 1160 2422 (ymstcsbosch1ft1guno-en

303 2447 335 2480 2.
389 2447 494 2479 Nihil
517 2450 661 2487 attimt,
702 2459 738 2481 es
774 2451 874 2482 w'a'xe
912 2448 1147 2495 iiberfliissig.
1177 2466 1221 2473 --
1259 2461 1366 2493 quam
1392 2448 1485 2482 mihi
1509 2461 1580 2483 nec,
1607 2452 1669 2491 sit,

207 2492 280 2525 wi‹
307 2494 395 2527 selu
422 2506 457 2525 (5
486 2493 562 2526 mii
589 2472 749 2542 oblieoee.
786 2515 831 2521 —-
868 2498 981 2541 Relzq.
1010 2501 1073 2537 est,
1117 2508 1152 2529 es
1185 2496 1303 2529 bleibt
1339 2496 1416 2529 also
1444 2508 1518 2529 nur
1544 2497 1667 2544 ubrig.

207 2558 252 2563 ⁶—-
277 2545 372 2584 plm
402 2544 486 2582 reb„
513 2553 576 2574 aus
605 2526 739 2575 mehr
721 2554 767 2576 en
796 2544 1045 2584 Umst'zinden,
1075 2544 1133 2577 bei
1160 2542 1321 2576 melnen
1350 2543 1666 2591 Gelegenheiten

207 2607 251 2611 ——
279 2590 316 2621 de
345 2591 465 2622 bonor
487 2588 583 2632 sort
614 2590 651 2622 h.
680 2602 707 2623 e.
739 2591 782 2623 de
810 2593 964 2624 ίοιῐιιῃει
991 2602 1136 2632 corum,
1177 2591 1241 2634 qui
1268 2603 1349 2624 lem
1375 2592 1567 2635 publicam
1595 2593 1666 2626 sal·-

213 2647 288 2668 <un
322 2637 472 2669 vulpot
508 2637 597 2670 §PH
631 2656 673 2661 m
703 2644 737 2671 3
746 2644 794 2672 ²23
872 2652 944 2672 eszm
948 2641 1025 2676 flas
1056 2639 1140 2671 cyim
1169 2651 1206 2669 so
1234 2649 1361 2685 giossc
1388 2640 1490 2687 Zuga
1477 2639 1553 2676 ..be
