1795 3081
218 87 313 135 192
479 86 542 134 Μ.
580 87 632 135 Τ.
669 83 1013 134 CICERONIS
1050 85 1427 136 EPISTOLAE.

217 215 346 263 atque
375 208 505 246 etiam
533 207 641 246 mihi
671 204 902 247 dicendum
933 219 1024 248 esse
1054 229 1102 237 —
1140 208 1273 249 velim
1312 207 1528 248 existimes
1568 207 1679 247 mihi

177 265 260 304 2te
300 264 452 302 fecisse
490 264 799 316 gratissimum.
867 262 992 313 Quod
1031 260 1203 316 quidem
1245 264 1330 303 hoc
1377 261 1678 303 vehementius

219 321 374 363 laetor,
407 317 523 370 quod
553 330 603 356 ex
635 320 729 371 ipso
751 317 965 357 Mescinio
991 324 1034 357 te
1062 317 1192 358 video
1222 331 1421 373 magnam
1450 331 1498 357 ca
1531 324 1686 357 turum.

218 375 499 425 voluptatem.
557 373 632 412 Est
672 375 786 411 6111111
829 375 875 411 in
913 385 962 411 eo
1004 386 1139 425 quum
1168 374 1311 413 virtus
1342 379 1384 413 et
1413 332 1607 425 progitas
1637 378 1681 412 et

217 441 434 468 summum
463 428 657 466 officium
688 441 942 479 summaque
972 429 1264 478 observantia,
1302 434 1397 467 tum
1432 427 1577 468 studia
1606 428 1681 466 illa

219 489 377 528 nostra,
421 483 578 535 quibus
609 488 733 521 antea
773 482 1110 532 delectabamur,
1149 496 1265 523 nunc
1304 485 1434 523 etiam
1472 483 1678 522 vivimus.

218 537 342 591 Quod
381 538 599 590 reliquum
638 543 714 585 est,
761 537 895 576 velim
941 551 1097 591 augeas
1133 543 1207 577 tua
1244 540 1291 577 in
1331 551 1430 577 eum
1467 538 1681 577 beneficia

217 593 415 633 omnibus
446 593 590 642 rebus,
622 606 731 645 quae
762 599 801 632 te
831 598 962 632 erunt
999 593 1164 647 dignae.
1224 591 1310 633 Sed
1348 591 1447 639 duo,
1487 605 1597 646 quae
1636 598 1681 632 te

216 649 473 688 nominatim
502 660 633 700 rogo:
675 649 884 699 primum,
925 653 986 693 ut,
1029 650 1066 686 si
1105 647 1212 701 quid
1250 646 1548 688 satisdandum
1578 648 1680 698 erit,

218 701 479 744 AMPLIUS
509 702 583 741 EO
615 701 853 741 NOMINE
884 701 1013 742 NON
1042 703 1187 753 PETI,
1228 716 1369 753 cures,
1412 708 1463 741 ut
1500 701 1679 742 satisde·

215 766 291 799 tur
319 756 402 799 fide
432 770 539 796 mea.
598 756 778 802 Deinde,
818 770 950 809 quum
991 759 1084 798 fere
1124 761 1335 798 consistat
1374 757 1596 798 hereditas
1634 758 1681 796 in

216 816 271 854 iis
301 814 447 862 rebus,
477 825 580 865 quas
610 814 773 851 avertit
804 812 962 865 Oppia,
993 827 1103 865 quae
1132 826 1242 853 uxor
1270 812 1438 852 Mindii
1474 814 1577 852 fuit:
1609 810 1681 851 ad-

217 871 341 910 iuves
371 870 575 920 ineasque
598 869 826 915 rationem,
862 867 1221 919 quemadmodum
1248 881 1296 908 ea
1316 869 1474 907 mulier
1498 867 1680 907 Romam

217 924 502 979 perducatur.
565 920 690 974 Quod
719 923 755 959 si
784 922 951 975 putarit
979 923 1053 961 illa
1093 924 1202 973 fore,
1248 930 1298 963 ut
1333 924 1485 976 opinio
1529 928 1681 962 nostra

219 986 295 1024 est,
326 980 546 1031 negotium
575 977 868 1016 conficiemus.
927 976 1025 1017 Hoc
1054 983 1105 1017 ut
1134 991 1431 1031 assequamur,
1473 985 1517 1018 te
1547 978 1680 1017 vehe-

176 1040 200 1080 3
218 1041 387 1074 menter
416 1034 547 1072 etiam
576 1038 706 1085 atque
725 1033 854 1071 etiarn
874 1044 993 1086 rogo.
1050 1032 1181 1079 Illud,
1211 1033 1328 1086 quod
1349 1046 1483 1086 supra
1504 1033 1678 1086 scripsi,

215 1089 262 1129 id
290 1089 312 1114 *
334 1088 354 1114 *
386 1090 433 1127 111
461 1100 614 1140 meque
644 1088 824 1140 recipio,
855 1093 898 1125 te
918 1101 981 1130 ea,
1014 1100 1122 1141 quae
1152 1089 1295 1127 fecisti
1322 1087 1528 1127 NIescinii
1547 1100 1680 1126 causa

216 1157 411 1197 quaeque
449 1144 619 1188 feceris,
662 1143 725 1180 ita
767 1143 873 1181 bene
917 1142 1250 1193 collocaturum,
1294 1150 1343 1182 ut
1380 1145 1474 1196 ipse
1510 1142 1678 1182 iudices

215 1199 381 1238 homini
410 1205 453 1237 te
482 1198 746 1253 gratissimo,
778 1195 1088 1237 iucundissimo
1117 1199 1299 1252 benigne
1334 1199 1500 1238 fecisse.
1559 1197 1678 1239 Volo

215 1256 331 1295 enim
361 1252 416 1293 ad
445 1252 506 1303 id,
536 1251 649 1305 quod
679 1264 772 1291 mea
802 1264 929 1291 eausa
958 1253 1115 1301 fecisti,
1160 1253 1245 1294 hoc
1284 1254 1418 1294 etiam
1453 1251 1676 1294 accedere.

310 1425 344 1458 2.
400 1423 523 1467 Quod.
541 1451 550 1459 .
569 1451 577 1459 .
593 1424 720 1465 laetor,
747 1422 911 1457 dariiber
936 1425 1044 1458 freue
1071 1423 1137 1458 ich
1163 1423 1278 1460 mich,
1315 1422 1352 1460 S,
1370 1421 1521 1456 Ramsh.
1542 1422 1569 1466 §
1593 1423 1678 1464 144,

216 1474 252 1513 3,
279 1472 366 1505 Not.
394 1475 427 1507 3.
476 1471 624 1507 Grotef.
652 1473 678 1515 §.
707 1473 787 1507 215.
823 1467 973 1514 2649&
1012 1473 1122 1505 Anm.
1159 1491 1207 1497 —-
1244 1476 1371 1513 virtus,
1404 1469 1676 1518 Tiichtigkeit3

217 1523 362 1557 observ„
388 1519 665 1554 aufmerksame
692 1520 1098 1554 Dienstbeflissenheit.
1118 1540 1165 1545 -—
1189 1521 1312 1554 studia
1330 1522 1409 1558 illa,
1436 1518 1678 1562 eloquentiae

219 1574 256 1603 et
288 1567 569 1612 philosophiae.
607 1586 654 1592 —
693 1573 812 1609 antea,
851 1569 952 1602 salva
987 1568 1197 1612 republica,
1236 1568 1346 1601 rebus
1378 1567 1575 1607 secundis3
1620 1567 1676 1599 im

218 1617 379 1664 Gegens.
420 1626 494 1648 von
530 1628 626 1649 nunc
658 1615 680 1648 i.
710 1627 741 1649 e.
778 1615 887 1649 rebus
922 1617 1132 1660 prostratis.
1170 1636 1215 1642 -
1261 1615 1366 1660 Quod
1395 1617 1576 1660 reliquum
1610 1619 1675 1655 est,

219 1665 414 1711 iibrigens.
443 1682 489 1687 —
515 1664 647 1698 omnib.
676 1665 758 1704 reb„
786 1662 847 1696 bei
874 1661 977 1696 allen
1005 1663 1324 1712 Gelegenheiten.
1341 1682 1387 1688 -—-
1409 1663 1476 1695 Sed
1499 1664 1568 1695 cluo
1594 1661 1675 1695 scil.

218 1719 318 1753 sunt,
345 1724 446 1756 quae.
481 1711 544 1745 Sic
571 1711 642 1743 Md.
670 1710 790 1758 Marg.
821 1711 920 1745 Crat.
948 1711 1044 1744 Vict.
1073 1715 1104 1745 1.
1132 1714 1163 1746 2.
1201 1713 1270 1745 deco
1296 1713 1437 1757 quidem
1463 1715 1499 1744 te
1537 1710 1676 1743 Graev.

218 1761 312 1794 Ern.
339 1759 476 1794 Bened.
501 1759 588 1793 Sch.
617 1759 712 1791 Liin.
743 1759 812 1791 dcco
848 1769 919 1791 0111.
947 1771 1036 1802 (luae
1061 1760 1189 1793 Lamb.
1222 1761 1293 1794 ΟΒ.
1328 1779 1374 1784 —-
1408 1762 1441 1793 si
1469 1759 1557 1803 quid
1588 1758 1678 1800 (tibi

219 1808 341 1849 Crat.)
369 1808 496 1842 satz'scl.
527 1810 609 1848 erit,
634 1807 782 1839 wofern
810 1806 1037 1853 Biirgschaft
1063 1808 1174 1841 sollte
1209 1820 1256 1840 zu
1282 1808 1416 1841 leisten
1442 1807 1535 1847 sein,
1569 1807 1678 1838 116111-

218 1856 300 1889 lich
333 1855 477 1890 AMPL.
504 1882 511 1889 .
540 1878 548 1887 .
575 1882 583 1889 .
611 1854 717 1887 NON
739 1854 851 1887 PETI
882 1854 904 1886 i.
934 1865 964 1887 e.
1002 1855 1103 1898 quod
1138 1867 1207 1890 nec
1239 1856 1456 1895 Mescinius,
1493 1853 1559 1886 ubi
1599 1854 1675 1886 iam

219 1915 278 1938 res
305 1908 497 1936 transacta
524 1903 611 1943 erit,
647 1913 772 1946 neque
800 1902 998 1946 quisquam
1033 1903 1149 1947 ipsius
1178 1903 1335 1937 nomine
1363 1903 1567 1946 quicquam
1594 1913 1674 1934 am·-

217 1952 321 1996 plius
357 1951 402 1984 (le
436 1962 475 1984 ea
509 1950 721 1984 hereditate
756 1950 803 1983 sit
829 1951 1019 1994 petiturus
1054 1951 1087 1983 d.
1117 1951 1137 1983 i.
1167 1952 1247 1984 dass
1275 1951 1342 1984 der
1367 1949 1584 1984 Schuldner
1610 1949 1674 1982 des

217 1999 432 2033 Erblassers
458 1999 512 2040 (S.
541 2010 596 2043 ep.
624 2000 737 2039 4942),
777 1997 963 2031 nachdem
1002 2009 1044 2031 er
1079 2010 1126 2031 an
1161 1999 1363 2032 Mescinius
1398 1997 1554 2046 gezahlt
1591 1996 1672 2038 hat,

218 2058 293 2081 von
312 2046 563 2080 Niemandem
583 2046 650 2080 der
675 2044 1126 2094 Schuldverschreibung
1152 2045 1288 2081 halber
1313 2046 1441 2080 k‘onne
1468 2041 1675 2093 angesoch-

218 2101 283 2129 ten
307 2095 475 2128 werden.
507 2114 546 2119 —
567 2095 643 2138 fide
668 2106 746 2127 mea
773 2092 1009 2137 interposita,
1037 2091 1117 2128 dass
1145 2095 1242 2129 diese
1260 2093 1487 2142 Biirgschaft
1513 2094 1552 2125 in
1577 2092 1673 2126 11161·

218 2155 306 2177 116111
331 2143 478 2176 Namen
505 2140 680 2189 geleistet
705 2141 844 2177 werde.
886 2160 928 2165 -
967 2145 1003 2175 in
1029 2143 1087 2182 iis,
1120 2141 1145 2176 i.
1174 2155 1205 2177 6.
1232 2143 1380 2176 talibus.
1417 2142 1488 2174 Md.
1514 2141 1611 2175 Vict.
1638 2142 1672 2174 2.

217 2192 284 2226 his.
310 2210 357 2215 -
383 2193 528 2232 avertit,
555 2191 623 2223 auf
644 2188 704 2222 die
723 2188 826 2223 Seite
853 2188 1037 2235 geschafft
1062 2189 1141 2231 hat,
1168 2191 1381 2235 intercepit.
1408 2190 1572 2223 Mindius
1598 2189 1674 2221 fuit

217 2238 390 2272 lllesciuii
415 2240 546 2271 frater.
574 2257 620 2263 -—-
658 2241 823 2283 ineasque
847 2240 1038 2278 rationem,
1072 2238 1153 2271 und
1178 2239 1269 2272 leite
1296 2239 1356 2272 die
1383 2237 1502 2271 Sache
1530 2248 1568 2271 so
1597 2236 1672 2270 ein.

216 2305 263 2313 .-
284 2289 431 2332 Putavit
457 2288 536 2328 illa,
572 2285 701 2330 Oppia.
741 2304 782 2310 —
809 2285 911 2329 fore,
946 2291 985 2318 at
1009 2298 1065 2331 op.
1093 2291 1221 2320 nostra
1248 2292 1300 2320 est
1333 2284 1355 2318 i.
1384 2297 1413 2319 e.
1448 2290 1490 2318 ut
1515 2285 1672 2319 Romam

217 2333 463 2381 perducatur.
497 2352 542 2359 —
576 2335 761 2379 negotium
789 2333 896 2377 conf„
933 2335 957 2366 i.
986 2345 1015 2367 e.
1052 2333 1082 2366 si
1110 2332 1227 2378 Oppia
1253 2332 1399 2379 putarit
1432 2333 1501 2366 sibi
1534 2333 1675 2366 timen-

220 2384 310 2416 dum
349 2394 440 2422 esse,
486 2393 533 2415 116
570 2387 635 2415 tuo
685 2382 788 2414 iussu
821 2381 981 2414 Romam
1018 2381 1262 2425 perducatur,
1300 2383 1414 2415 facile
1452 2381 1671 2422 adducetur,

217 2437 259 2464 ut
285 2431 367 2473 illa,
393 2441 488 2474 quae
514 2430 655 2462 avertit
682 2440 728 2463 ex
753 2428 964 2462 hereditate
990 2429 1138 2470 Mindii,
1166 2431 1351 2468 restituat,
1392 2429 1494 2462 SCH.

311 2493 345 2525 3.
396 2490 437 2522 id
459 2489 476 2509 *
502 2488 518 2508 *
545 2492 584 2522 in
617 2502 738 2534 meque
771 2491 918 2533 recipio.
957 2488 1021 2522 Sic
1055 2500 1187 2523 mance
1224 2489 1301 2523 Md.
1330 2488 1429 2522 vict.
1482 2490 1598 2522 Erat:
1634 2487 1674 2520 id

213 2539 396 2583 promitto
432 2539 469 2570 in
501 2549 623 2583 meque
656 2537 794 2579 recipio
827 2541 869 2569 ut
894 2535 975 2571 Lib.
1004 2539 1067 2572 13.
1094 2538 1162 2581 Ep.
1190 2541 1254 2572 10.
1283 2543 1319 2571 et
1344 2539 1411 2580 Ep.
1440 2538 1496 2572 17.
1533 2537 1574 2569 id
1602 2537 1673 2568 tibi

216 2586 389 2629 confirmo
415 2586 453 2619 in
479 2598 600 2630 meque
626 2586 762 2629 recipio
791 2596 836 2617 ex
863 2585 1021 2628 antiquo
1048 2581 1172 2629 suppl.
1200 2584 1289 2629 aliq.
1316 2580 1407 2618 Cdd.
1433 2586 1547 2630 Marg.
1571 2583 1669 2616 Crat.

214 2634 341 2666 Lamb.
372 2634 505 2667 Graev.
533 2632 630 2666 Lau.
659 2634 754 2666 Liin.
782 2634 823 2665 id
842 2635 879 2666 in
898 2646 952 2666 me
976 2633 1112 2677 recipio
1139 2634 1256 2677 Neap.
1285 2633 1366 2666 Asc.
1392 2635 1424 2666 1.
1453 2632 1553 2665 Crat.
1576 2631 1670 2663 Ern.

212 2681 349 2715 Bcned.
377 2681 465 2715 Sch.
497 2683 569 2715 ΟΒ.
602 2699 648 2705 --
683 2683 848 2714 collocat.
878 2694 960 2721 esse,
994 2681 1158 2728 aulegen
1190 2680 1365 2714 wcrdest.
1393 2699 1438 2704 ——
1471 2684 1504 2712 et
1529 2680 1670 2713 iuczmd.

213 2729 343 2764 hamb.
381 2748 428 2754 -—
466 2732 547 2764 volo
573 2730 818 2765 hoc...etc·am
844 2730 1005 2763 accedere
1030 2728 1054 2763 i.
1084 2740 1113 2762 e.
1142 2728 1231 2762 volo
1259 2728 1375 2770 6111111,
1402 2732 1443 2761 ut
1474 2727 1671 2774 intelligas
