1795 3081
224 127 322 176 254
506 125 571 172 Μ.
608 121 661 170 Τ.
699 122 1040 174 CICERONIS
1077 124 1464 177 EPISTOLAE.

224 253 294 288 ter
323 252 493 285 ceteros
524 243 785 294 delectabat,
826 251 978 298 erepta
1019 245 1129 284 mihi
1173 249 1312 287 omnis
1343 254 1419 288 est.
1478 248 1684 289 Firmita-

224 309 313 343 tem
342 309 487 341 tamen
520 307 562 339 et
592 302 895 349 constantiam,
926 302 962 338 si
995 300 1124 339 modo
1156 304 1240 341 fuit
1270 302 1506 356 aliquando
1531 305 1575 342 in
1605 319 1683 344 no-

183 354 307 408 2bis,
355 355 537 396 eandem
578 368 826 410 cognosces,
869 369 998 407 quarn
1040 357 1277 409 reliquisti.
1322 358 1482 410 ⁴Quod
1524 361 1684 398 scribis

224 412 398 467 proelia
426 417 469 449 te
500 424 594 449 mea
625 424 753 448 causa
784 413 1019 450 sustinere:
1068 425 1156 450 non
1193 419 1282 451 tam
1320 412 1366 452 id
1404 414 1573 464 laboro,
1618 421 1684 464 ut,
1720 435 1723 437 Α

223 469 261 507 si
304 468 380 519 qui
422 466 531 504 mihi
570 466 834 515 obtrectent‚
879 479 902 504 a
943 473 984 504 te
1024 469 1290 518 refutentur,
1331 482 1460 520 quam
1490 470 1685 525 intelligi

224 524 370 575 cupio,
403 521 521 573 quod
551 528 670 559 certe
701 522 984 575 intelligitur,
1026 535 1095 560 me
1123 536 1148 560 a
1179 530 1220 562 te
1250 526 1405 562 amari.
1478 524 1605 576 Quod
1633 531 1684 564 ut

223 579 375 628 facias,
407 583 450 616 tc
481 577 612 616 etiam
643 583 772 628 atque
802 578 934 614 etiam
971 590 1104 632 rog03
1144 579 1430 633 ignoscasque
1473 580 1686 618 brevitati

225 633 459 672 literarum
489 644 707 670 mearum:
746 644 846 669 nam
877 638 920 670 et
949 633 1157 671 celeriter
1185 647 1271 671 una
1301 636 1475 673 futuros
1504 648 1582 672 nos
1612 647 1682 673 ar·

223 688 370 727 bitror
405 693 450 727 et
477 686 672 726 nondum
703 688 807 725 satis
839 687 1120 727 confirmatus
1151 687 1276 739 [sum]
1307 689 1361 730 ad
1388 689 1682 729 scribendum.

356 824 670 875 EPISTULA
705 821 1016 874 DXXXVIII.
1066 826 1144 885 (ad
1180 827 1280 876 Aa.
1317 827 1420 878 ΧΠ.
1457 828 1557 887 21.)

364 915 446 951 scr.
474 915 631 948 Asturae
660 925 787 947 mense
814 914 950 946 Martio
977 913 1017 948 A.
1047 916 1093 949 U.
1123 914 1161 949 c,
1190 918 1270 952 709.
1317 918 1363 956 (a.
1393 916 1435 953 c,
1462 918 1538 956 45.)

225 986 491 1032 Reprehendit
519 986 699 1029 quaedam
730 985 768 1017 in
795 985 893 1018 libro
920 986 1027 1018 Bruti
1055 986 1095 1018 in
1121 987 1273 1021 laudem
1301 988 1453 1022 Catonis
1479 999 1682 1032 perperam

225 1036 380 1079 scripto.
408 1038 439 1068 1.
477 1033 521 1066 de
547 1034 672 1066 hortis
700 1034 785 1065 fano
812 1034 964 1067 Tulliae
992 1035 1221 1068 exstruendo
1257 1037 1436 1072 emendis,
1463 1039 1495 1072 2.
1535 1037 1580 1069 de
1614 1036 1684 1069 Te·-

223 1084 368 1118 rentiae
393 1082 557 1130 negotio
585 1097 616 1115 ο.
652 1081 696 1114 de
722 1081 882 1125 pecunia
912 1082 1026 1116 Oviae
1061 1083 1242 1116 curanda.
1273 1086 1306 1117 lt.
1341 1084 1505 1128 denique
1540 1083 1682 1125 Attico,

261 1131 325 1176 qui
357 1142 442 1165 eum
470 1130 510 1163 in
536 1130 661 1163 sorum
688 1135 946 1171 revocaverat,
973 1141 1043 1162 eur
1068 1130 1110 1163 ab
1138 1141 1180 1164 eo
1207 1132 1384 1179 refugiat,
1412 1133 1579 1177 exponit.
1606 1133 1639 1165 5.

725 1200 903 1235 CICERO
943 1199 1119 1236 ATTICO
1156 1202 1191 1236 S.

333 1274 445 1331 Legi
473 1273 601 1315 Bruti
631 1273 862 1325 epistolam
903 1286 1083 1326 eamque
1124 1275 1207 1314 tibi
1246 1275 1413 1326 remisi,
1451 1289 1553 1316 sane
1595 1288 1684 1315 non

223 1330 466 1385 prudenter
494 1329 756 1380 rescriptam
787 1328 841 1367 ad
872 1342 935 1377 ea,
966 1342 1075 1380 quae
1118 1331 1397 1382 requisieras.
1463 1331 1549 1370 Sed
1589 1333 1683 1384 ipse

223 1385 414 1427 viderit:
447 1396 707 1438 quamquam
738 1382 851 1422 illud
880 1385 1076 1436 turpiter
1105 1381 1293 1440 ignorat.
1351 1385 1561 1425 Catonem
1589 1388 1683 1439 pri-

223 1454 344 1482 mum
373 1442 635 1480 sententiam
664 1445 790 1492 putat
820 1438 872 1478 de
910 1438 1289 1480 animadversione
1327 1440 1512 1489 dixisse;
1555 1455 1684 1493 quam

319 1558 353 1592 2.
403 1557 806 1601 proelia...snstinere‚
851 1553 1084 1587 Schlachten
1127 1553 1324 1588 bestehest.
1380 1556 1470 1589 Scil.
1506 1557 1683 1590 adversus

226 1614 303 1644 eos,
331 1604 394 1649 qui
424 1603 650 1637 Ciceronem
680 1603 780 1648 apud
807 1601 1004 1634 Caesarem
1040 1601 1078 1633 in
1113 1602 1295 1635 invidiam
1332 1603 1519 1637 adducere
1553 1605 1683 1648 cupio-

224 1652 316 1686 bant
344 1662 508 1695 eumque
535 1662 611 1684 non
639 1656 714 1683 tam
742 1651 787 1683 ob
814 1650 916 1682 filiae
943 1654 1245 1707 mortemffluam
1265 1650 1308 1683 ob
1326 1652 1382 1684 rei
1399 1652 1575 1696 publicae
1591 1664 1684 1685 con-

224 1699 441 1734 versionem
470 1700 602 1743 lugere
629 1697 970 1731 calumniabantur.
1000 1698 1097 1729 SCH.
1126 1715 1171 1721 -—
1197 1698 1237 1730 id
1253 1699 1390 1739 laboro,
1419 1699 1482 1732 ich
1509 1699 1574 1732 bin
1596 1700 1683 1732 dar-

225 1748 320 1787 iiber
346 1747 388 1780 in
414 1743 569 1793 Sorgen.
601 1764 639 1771 -—
667 1750 700 1780 si
726 1749 797 1792 qui,
827 1745 887 1777 die
914 1750 1021 1778 etwa.
1048 1764 1094 1769 —
1122 1747 1356 1790 intelligitur.
1387 1747 1487 1780 Vict.
1513 1749 1545 1781 2.
1580 1750 1685 1781 intel-

227 1798 375 1841 ligetur.
401 1813 447 1819 —
474 1808 545 1827 una
566 1792 689 1835 futur,
718 1808 765 1834 n.‚
806 1793 915 1833 „dass
941 1792 1016 1825 wir
1048 1792 1134 1825 bald
1166 1793 1311 1827 wieder
1344 1806 1563 1828 zusammen
1600 1795 1682 1829 sein

225 1843 422 1877 werden.“
473 1842 669 1875 Dolabella
696 1853 777 1875 war
802 1839 902 1874 boin]
932 1841 1041 1873 C'cisar
1065 1841 1105 1873 in
1133 1841 1308 1885 Spanien.
1348 1861 1387 1866 ——
1432 1842 1546 1886 [sum]
1574 1854 1593 1876 e
1619 1855 1684 1877 ne-

228 1891 388 1925 cessario
415 1889 537 1935 suppl.
573 1890 666 1922 vict.
694 1891 727 1924 2.
763 1889 873 1932 Seqq.
904 1898 976 1921 om.
1011 1901 1090 1921 sum
1124 1890 1195 1922 Md.
1226 1889 1327 1923 Vict.
1369 1894 1396 1924 t.
1431 1892 1525 1932 (sum
1551 1892 1683 1935 confir-

224 1944 345 1974 matus
370 1938 445 1970 iam
473 1937 603 1979 Crat),
635 1940 708 1971 ΟΒ.
745 1936 839 1980 „ich
864 1935 957 1969 habe
986 1936 1087 1968 mich
1115 1937 1216 1970 noch
1244 1937 1353 1969 nicht
1378 1949 1507 1984 genug·
1532 1939 1683 1972 wieder

226 1987 396 2021 erholt.“
446 1987 531 2018 Man
558 1985 659 2018 sieht
687 1997 723 2019 es
751 1986 834 2018 dem
864 1996 1006 2017 wanzen
1032 1984 1157 2018 Briefe
1184 1997 1240 2024 an,
1277 1985 1357 2018 (lass
1386 1985 1445 2019 die
1471 1986 1683 2019 Eheschei-

226 2035 330 2082 dung
356 2032 550 2067 zwischen
577 2033 775 2066 Dolabella
802 2013 883 2066 un&
907 2032 1035 2066 Tullia
1068 2033 1161 2066 mit
1186 2037 1332 2081 guter
1356 2032 1441 2066 Art
1473 2033 1552 2066 und
1577 2045 1683 2069 zwar

225 2094 289 2116 aus
315 2081 457 2116 Politik
483 2081 688 2129 vollzogcn
715 2092 805 2116 war.

322 2145 354 2177 1.
403 2142 608 2186 prudenter.
660 2141 726 2175 Cd.
758 2141 874 2174 Oxou.
894 2142 928 2175 2.
957 2141 1050 2176 Ball.
1079 2139 1213 2175 GraeV.
1241 2140 1337 2173 Lall.
1364 2142 1551 2186 pudenter,
1580 2141 1682 2185 quod

224 2190 357 2226 multis
381 2188 558 2234 placebit.
611 2190 698 2222 Non
725 2189 807 2222 sine
833 2200 942 2222 causa
967 2193 1094 2222 tamen
1121 2188 1258 2222 reiecit
1284 2189 1380 2222 ΕΓΗ.
1417 2191 1486 2222 cfr.
1515 2189 1594 2222 Lib.
1621 2193 1680 2230 13,

224 2242 271 2274 12
316 2238 595 2272 prudentissime
631 2239 742 2270 etiam
781 2238 831 2270 ad
854 2238 990 2270 Tullios
1023 2236 1264 2280 (scripsisth).
1296 2239 1369 2272 ΟΒ.
1418 2237 1516 2279 Quae
1551 2249 1682 2281 repre·-

224 2286 362 2321 hendit
388 2285 534 2325 Cicero,
562 2286 683 2331 magis
710 2290 795 2319 sunt
821 2284 993 2318 inscitiae
1015 2295 1125 2328 quam
1147 2284 1418 2328 impudentiae.
1447 2284 1556 2318 ERN.
1584 2286 1681 2317 Bru-

223 2339 285 2367 tus
311 2333 415 2367 hatte
442 2333 527 2367 eine
553 2332 773 2365 Lobschrist
799 2334 866 2365 auf
888 2332 977 2365 Cato
1012 2333 1227 2380 verfertigt,
1267 2332 1326 2365 (lie
1361 2332 1443 2365 sich
1477 2333 1681 2371 besonders

226 2382 322 2415 iiber
357 2381 438 2414 sein
473 2379 715 2413 offentliches
751 2381 879 2414 Leben
917 2380 996 2413 und
1028 2380 1160 2413 seinen
1197 2380 1560 2424 republikanischen
1586 2380 1681 2414 Cha-

226 2429 358 2463 rakter
383 2427 619 2461 ausbreitete.
672 2428 835 2469 Attikus,
863 2428 947 2462 dem
976 2439 1017 2461 er
1042 2428 1094 2461 sie
1121 2428 1343 2469 mittheihe,
1372 2428 1567 2462 bemerkte
1595 2428 1680 2461 dar-

225 2477 269 2510 in
294 2473 523 2510 historische
546 2475 903 2523 Unrichtigkeitem
928 2476 1006 2508 und
1033 2476 1135 2522 legte
1163 2476 1265 2508 diese
1288 2477 1581 2522 Ausstellungen
1609 2476 1681 2508 mit

227 2525 356 2558 §einer
382 2523 686 2571 gew‘ohnlichen
713 2522 1033 2557 Bescheidenheit
1061 2523 1100 2555 in
1124 2524 1238 2557 Form
1265 2534 1342 2556 von
1368 2524 1561 2557 Zweiseln
1588 2523 1681 2557 oder

227 2573 377 2620 Fragen
405 2572 489 2604 (lem
515 2571 652 2603 Brutus
679 2582 762 2613 vor,
789 2573 943 2605 worauf
973 2571 1097 2604 dieser
1129 2571 1171 2603 in
1203 2571 1329 2604 seiner
1354 2572 1567 2605 trockenen
1592 2582 1680 2604 vor-

227 2619 394 2653 nehmen
422 2619 565 2651 Manier
590 2624 829 2661 antwortete,
858 2619 948 2652 aber
973 2619 1015 2652 in
1042 2618 1109 2652 der
1135 2620 1313 2652 Antwort
1339 2620 1437 2652 viele
1457 2618 1679 2652 Unwissen-

226 2666 311 2700 heit
336 2666 523 2700 verrieth.
549 2685 596 2691 -—-
629 2668 726 2700 illud
756 2671 917 2707 turpiter
948 2670 1107 2712 ignorat,
1147 2665 1324 2712 obgleich
1360 2678 1396 2700 es
1431 2666 1511 2698 ihm
1549 2666 1680 2712 wenig-

226 2715 333 2748 Ehre
359 2715 498 2754 macht,
526 2714 604 2746 (lass
633 2726 674 2747 er
700 2725 774 2746 von
802 2715 870 2747 der
891 2714 1120 2747 Geschichte
1147 2714 1269 2747 §eines
1296 2714 1435 2746 Onkels
1463 2711 1569 2745 nicht
1595 2713 1679 2745 bes-

224 2773 288 2795 εει·
313 2761 568 2796 uuterrichtet
595 2763 652 2794 ist.
675 2782 721 2787 —
740 2764 780 2795 <Ie
800 2763 1127 2803 animadversione,
1146 2762 1266 2802 „iiber
1287 2761 1346 2794 die
1368 2761 1594 2807 Bostrafung
1614 2760 1682 2792 der
