1795 3081
501 70 825 122 EPISTOLA
867 73 1171 124 CCCCLIV.
1470 83 1495 124 1
1507 81 1563 126 13

110 189 336 243 ‚‚quaeso“
377 190 492 231 illud
531 197 670 242 tuum,
715 191 834 245 quod
875 200 972 233 erat
1023 191 1199 244 εὖπινὲς
1252 202 1296 237 et
1333 197 1564 239 urbanum.

111 245 176 284 Ita
206 259 342 298 porro
373 254 417 286 te
446 248 538 285 sine
568 259 676 285 cura
705 260 796 288 esse
825 249 967 297 iussit,
1004 256 1054 287 ut
1090 251 1200 288 mihi
1237 253 1411 304 quidem
1440 253 1567 293 dubi-

112 302 326 340 tationem
357 315 527 341 omnem
564 302 757 341 tolleret.
814 302 1006 343 Atticam
1045 303 1172 344 doleo
1212 312 1302 345 tam
1340 307 1435 347 diu:
1476 308 1565 356 sed,

115 357 321 408 quoniam
350 358 437 397 iam
466 358 559 395 sine
589 356 780 396 horrore
810 365 886 406 est,
929 371 1058 411 spero
1091 372 1197 411 esse,
1236 368 1286 402 ut
1321 364 1538 404 volumus.

235 515 554 566 EPISTOLA
591 517 887 569 CCCCLIV.
959 519 1040 578 (ad
1075 519 1188 570 Div.
1225 522 1307 571 IX.
1345 529 1442 586 19.)

267 605 348 639 Ser.
376 605 514 639 Romae
540 616 670 640 mense
696 606 835 641 sextili
867 607 908 641 A.
935 610 982 643 U.
1012 609 1053 644 c.
1080 612 1161 646 708.
1202 612 1251 653 (a.
1281 610 1321 645 c.
1349 615 1426 657 46.)

116 676 327 720 scripserat
353 676 483 709 Paetus
509 676 667 710 Balbum
693 678 803 711 tenui
837 685 1020 723 apparatu
1056 681 1156 724 apud
1190 693 1228 716 se
1260 684 1377 718 fuisse
1413 692 1570 721 conten-

116 729 218 765 tum3
256 723 357 756 unde
385 724 536 756 iocatur
562 724 696 759 Cicero
730 726 922 761 malitiose
947 726 1040 762 haec
1068 729 1156 770 dici,
1193 734 1236 763 ut
1269 743 1307 765 se
1340 744 1491 778 quoque
1527 734 1572 768 ad

256 770 413 805 eandem
439 777 502 804 aut
527 772 713 806 maiorem
740 776 1028 809 contentionem
1054 776 1268 814 devocaret.
1308 783 1415 816 1—2

445 843 622 878 CICERO
648 843 683 877 S.
711 844 754 879 D.
782 846 822 880 L.
852 846 1042 882 PAPIRIO
1068 848 1240 885 PAETO.

224 915 391 956 Tamen
420 930 447 954 a
474 916 645 956 malitia
675 929 763 955 non
803 917 1002 960 discedis.
1070 920 1320 961 Tenuiculo
1361 930 1577 978 apparatu

117 972 335 1027 significas
362 972 546 1011 Balbum
575 973 708 1010 fuisse
739 980 1005 1015 contentum.
1064 975 1165 1015 Hoc
1203 977 1370 1018 videris
1409 980 1575 1028 dicere,

119 1041 251 1080 quum
282 1040 405 1082 reges
435 1033 523 1065 tam
561 1027 649 1065 sint
688 1030 976 1080 continentes,
1018 1032 1158 1070 multo
1195 1035 1334 1088 magis
1374 1037 1576 1074 consula-

117 1096 188 1121 res
219 1095 309 1121 esse
339 1089 559 1134 oportere.
617 1081 772 1120 Nescis
806 1097 875 1123 me
905 1085 958 1123 ab
989 1086 1069 1125 illo
1102 1089 1248 1126 omnia
1280 1091 1575 1141 expiscatum:

118 1144 240 1177 recta
270 1138 385 1176 enim
414 1150 439 1175 a
468 1143 598 1189 porta
628 1136 805 1177 domum
842 1152 983 1179 meam
1018 1143 1164 1180 venit:
1204 1156 1346 1196 neque
1385 1145 1470 1184 hoc
1500 1145 1576 1185 ad-

1419 806 1427 815 ι

119 1253 163 1286 da
189 1265 278 1285 man
303 1251 403 1285 noch
430 1251 522 1284 ietzt
555 1251 596 1284 in
627 1252 731 1286 allen
757 1253 1058 1288 Handschriften
1095 1255 1157 1289 des
1182 1256 1324 1291 Brutus
1359 1258 1460 1293 ohne
1484 1259 1577 1294 Aus-

120 1300 260 1334 nahme
286 1298 643 1343 Aristophanes
670 1300 777 1334 lies't.

215 1363 249 1396 3,
303 1359 694 1399 Caesar-...urbanum
743 1360 883 1398 „czisar
919 1363 1010 1396 aber
1044 1362 1195 1397 scheint
1237 1363 1315 1397 mir
1351 1365 1445 1399 iiber
1476 1365 1594 1400 Dein'

122 1421 264 1454 quaes0‚
290 1406 384 1440 weil
419 1418 456 1440 es
493 1407 535 1438 in
562 1407 706 1440 Deiner
730 1406 948 1442 Bittschrift
972 1412 1036 1443 fiir
1062 1410 1122 1444 die
1149 1410 1356 1445 Buthroter
1382 1424 1420 1446 so
1445 1413 1579 1460 hh'ufig

121 1456 356 1492 vorkommt,
389 1465 464 1486 nur
489 1466 575 1486 zum
601 1453 708 1498 Spass
743 1455 827 1488 sich
861 1457 1119 1499 aufzuhalten,
1156 1459 1250 1492 weil
1283 1459 1390 1493 §eine
1419 1462 1577 1495 Aeusse-

121 1515 222 1550 rung
249 1502 410 1535 dariiber
435 1501 474 1533 in
502 1501 645 1535 seinem
673 1502 798 1536 Bricse
826 1504 923 1536 doch
958 1506 1035 1538 fein
1069 1505 1147 1538 und
1181 1507 1283 1553 artig
1317 1507 1403 1541 ist.“
1453 1509 1579 1543 Ueber

122 1551 184 1584 das
220 1550 412 1597 Anliegen
450 1549 518 1581 der
551 1549 784 1593 Epirischen
820 1550 926 1584 Stadt
959 1553 1199 1588 Buthrotum.
1239 1554 1281 1586 in
1316 1555 1435 1589 deren
1469 1557 1578 1590 Nahe

123 1599 272 1632 Attikus
299 1597 396 1630 anch
424 1597 546 1629 Giiter
573 1597 705 1637 hesass,
742 1598 823 1631 und
855 1599 948 1632 iiber
975 1601 1035 1634 die
1061 1603 1124 1634 fiir
1150 1601 1202 1634 sie
1230 1601 1327 1635 heim
1358 1603 1470 1636 C'a‘sar
1499 1605 1578 1637 ein-

121 1647 271 1694 gelegte
297 1644 470 1678 Fiirbitte
497 1645 558 1677 des
589 1645 738 1678 Attikus
774 1646 1018 1692 berathfrage
1045 1661 1131 1682 man
1167 1649 1214 1682 ad
1239 1649 1358 1682 Attio.
1389 1662 1445 1695 ep.
1472 1651 1576 1691 XVI,

124 1698 176 1730 16.
205 1696 290 1733 (738
306 1693 397 1726 dies.
415 1692 544 1739 Ausg.)
572 1691 719 1740 Anlage
746 1692 776 1725 A
804 1696 918 1734 (739).
972 1696 1084 1729 C‘zisar
1107 1697 1190 1729 that
1215 1696 1295 1729 sich
1321 1697 1577 1733 bekanntlich

122 1744 188 1775 auf
210 1742 310 1775 seine
336 1738 688 1784 Sprachkenntniss
722 1740 800 1774 und
837 1744 904 1774 auf
933 1744 1036 1777 seine
1064 1744 1178 1777 Liebe
1210 1757 1298 1777 zum
1333 1747 1470 1780 reinen
1496 1748 1578 1781 und

123 1790 304 1837 geseilten
329 1788 424 1821 Stile
451 1788 530 1820 viel
557 1800 603 1820 zu
631 1788 730 1821 Gute
757 1789 836 1822 und
860 1789 964 1825 hatte
999 1792 1114 1825 selbst
1152 1791 1217 1824 ein
1243 1791 1370 1827 VVerk
1408 1795 1453 1828 de
1482 1794 1579 1828 Ana-

123 1830 226 1885 logia
264 1838 302 1869 in
336 1835 432 1869 zwei
467 1833 642 1869 Biichern
676 1837 940 1883 geschrieben.
981 1858 1026 1864 —
1058 1842 1131 1879 Ita,
1165 1839 1259 1872 eben
1295 1852 1333 1874 so
1369 1843 1472 1890 artig
1497 1842 1577 1876 und

124 1886 276 1934 gnbidig.
306 1904 347 1908 —
374 1887 447 1917 sine
475 1896 561 1916 cura
588 1883 611 1916 i.
643 1895 671 1918 e.
698 1884 929 1931 significavit
955 1886 1023 1919 tibi
1052 1886 1261 1921 verendum
1289 1899 1365 1922 non
1400 1902 1490 1928 esse,
1528 1903 1577 1925 ne

122 1926 164 1968 in
200 1925 269 1966 ilia
302 1942 482 1978 agrorum
516 1931 807 1965 Buthrotiorum
843 1933 1032 1969 divisione
1067 1934 1215 1978 aliquid
1259 1947 1303 1969 ex
1350 1936 1458 1970 bonis
1501 1938 1576 1972 tuis

122 1982 269 2027 perdas,
298 1972 395 2013 SPH.
412 1998 458 2003 —
484 1985 559 2013 tam
587 1982 650 2013 diu
675 1979 756 2012 scil.
785 1987 995 2028 aegrotare.
1021 2003 1068 2008 —-
1093 1987 1168 2018 sinc
1184 1983 1346 2023 hor-rore,
1375 1980 1473 2018 ohne
1491 1986 1577 2020 Fie-

121 2029 359 2069 berschauer‚
397 2027 494 2061 ohne
533 2028 655 2061 Frost.
698 2047 746 2052 -—
789 2042 871 2069 esse,
913 2041 949 2063 es
985 2032 1091 2065 stehe
1125 2031 1195 2063 mit
1222 2030 1286 2064 ihr
1312 2043 1365 2074 so,
1401 2030 1475 2067 wie
1501 2034 1576 2069 wir
1603 2068 1613 2071 „

121 2076 330 2113 wiinschen
359 2075 393 2111 d.
421 2075 444 2108 i.
475 2087 510 2109 es
536 2075 683 2109 bessere
711 2074 793 2109 sich
818 2077 891 2109 mit
917 2077 995 2111 ihr.

218 2148 386 2183 PAETO.
420 2146 455 2180 S.
481 2158 529 2180 zu
556 2158 612 2191 ep.
640 2149 710 2183 226
736 2148 787 2181 im
813 2148 899 2182 Anf.
927 2151 1007 2184 450.
1035 2150 1117 2184 451.

216 2212 249 2243 1.
302 2210 444 2248 Tamen,
478 2206 769 2240 ausdrucksvoll
805 2210 1092 2257 VO1·ange<tellt.
1145 2229 1191 2235 —
1234 2222 1258 2244 α
1291 2210 1453 2250 malitia,
1499 2220 1574 2248 von

121 2256 262 2290 Deiner
287 2255 523 2290 Schalkheit.
564 2266 634 2288 om.
664 2269 685 2288 a
712 2255 783 2288 Md.
813 2255 913 2288 Crat.
954 2260 1026 2290 GR.
1065 2277 1112 2282 ——
1147 2260 1289 2300 disced„
1324 2259 1503 2294 ablassen.
1534 2280 1575 2288 —-

122 2307 262 2339 Tmacc.
297 2318 394 2350 app„
428 2304 499 2336 mit
534 2301 718 2335 ziemlich
755 2315 932 2349 magerer
966 2302 1230 2354 Bewirthung.
1264 2325 1311 2330 —
1348 2308 1389 2340 L.
1420 2308 1573 2343 Corneh

121 2353 285 2387 Balbum.
321 2351 355 2385 S.
383 2363 429 2384 zu
457 2362 514 2395 ep.
542 2353 611 2386 339
638 2348 690 2383 im
717 2351 804 2384 Anf.
831 2370 878 2375 —
903 2354 1020 2387 dicere
1045 2354 1156 2388 velle.
1184 2373 1230 2379 —
1264 2367 1372 2401 reges.
1412 2353 1576 2389 Scherz-

121 2401 202 2434 haft
241 2404 359 2432 nennt
392 2410 433 2433 er
468 2409 505 2431 so
543 2398 601 2432 die
640 2399 870 2438 C'dsarianen
907 2398 951 2433 da
989 2400 1125 2435 Balbus
1161 2401 1284 2435 durch
1319 2403 1421 2436 seine
1449 2403 1575 2436 Gunst

123 2447 222 2482 beim
249 2447 359 2482 C'cisar
394 2447 480 2481 eine
517 2446 582 2479 der
616 2446 883 2492 wichstigsten
911 2449 1102 2482 Personen
1135 2448 1203 2483 der
1235 2450 1453 2498 damaligen
1486 2450 1574 2484 Zeit

120 2507 210 2529 war.
237 2514 283 2519 —-
310 2496 524 2533 consulares,
552 2492 673 2537 qualis
700 2504 780 2539 ego.
832 2497 914 2528 Man
942 2498 1064 2544 vergl.
1088 2509 1143 2541 ep.
1167 2499 1246 2538 250,
1273 2501 1295 2533 7
1320 2510 1356 2531 u.
1384 2500 1466 2539 451,
1486 2502 1518 2534 3.
1538 2498 1572 2532 4.

122 2545 355 2588 expiscatum.
387 2543 474 2588 Vgl.
500 2543 591 2589 solg.
620 2541 778 2584 B1·ief§.
808 2545 847 2575 1:
884 2544 1046 2579 habuisti
1070 2548 1162 2578 em'm
1197 2551 1266 2579 cet.
1304 2565 1350 2570 —
1389 2545 1490 2579 rectci
1515 2547 1575 2579 vifi

123 2595 228 2625 enim.
265 2591 392 2624 Lamb.
432 2590 523 2622 Ern.
552 2602 630 2623 cum
656 2602 701 2623 ex
727 2589 881 2632 antiqua
909 2594 1160 2627 correctione.
1201 2595 1271 2626 cfr.
1296 2593 1385 2627 Rost
1411 2595 1510 2639 Spec‘.
1537 2597 1573 2635 2,

121 2652 157 2683 p.
187 2643 240 2673 10.
280 2642 351 2673 GR.
386 2657 431 2661 —
465 2639 568 2671 venit.
607 2637 668 2670 Sic
694 2636 832 2681 scripsi
858 2650 943 2673 cum
972 2640 1058 2674 sch.
1094 2640 1320 2685 Saepissime
1346 2641 1419 2674 Md.
1446 2641 1575 2675 turbat

123 2687 163 2720 in
192 2685 521 2720 terminationibus
551 2686 774 2726 verborum5
813 2698 882 2719 nec
916 2687 980 2720 hie
1015 2689 1168 2721 videtur
1193 2689 1321 2722 locum
1347 2688 1486 2723 habere
1512 2689 1573 2721 In.

184 2756 264 2791 Cic.
281 2757 406 2790 Briefe
420 2769 453 2789 v.
469 2757 625 2790 Biilerb.
653 2756 723 2789 111.
1246 2752 1272 2789 8
