1795 3081
193 118 291 165 318
432 121 434 124 ’
477 112 543 160 Μ.
581 112 635 162 Τ.
671 110 1018 161 CICERONIS
1054 109 1444 165 EPISTOLAE.

189 231 371 293 Ἀκηόία
399 241 476 274 tua
505 247 575 273 me
604 239 768 285 movet,
800 234 883 273 esti
911 233 1072 273 scribis
1104 233 1221 273 nihil
1251 247 1355 275 esse.
1414 233 1465 274 In
1494 234 1670 276 Tuscu-

194 295 297 333 lano
341 304 392 330 eo
431 289 706 329 commodius
745 301 839 340 ero,
885 288 1003 342 quod
1045 295 1090 329 et
1130 290 1333 330 crebrius
1373 295 1472 330 tuas
1515 292 1673 331 literas

195 348 413 401 accipiam
444 352 487 385 et
516 352 560 384 te
580 346 724 398 ipsum
746 358 1060 397 nonnunquam
1079 345 1257 385 videbo.
1299 344 1415 385 Nam
1442 346 1675 399 ceteroqui

196 398 460 456 o'cvsxzozspa
491 408 618 440 erant
647 400 861 441 Asturae:
893 414 1010 439 nunc
1040 400 1165 453 haec,
1196 413 1306 454 quae
1336 403 1568 454 refricant,
1599 402 1675 440 hic

197 473 266 499 me
296 459 437 513 magis
467 463 647 513 angunt.
705 457 798 495 Etsi
834 463 997 506 tamen,
1035 456 1287 509 ubicunque
1316 470 1426 508 sum,
1463 458 1544 496 illa
1572 462 1678 497 sunt

156 519 384 560 3mecum.
443 512 510 552 De
536 513 723 552 Caesare
742 512 894 552 vicino
917 513 1185 565 scripseram
1213 511 1268 551 ad
1288 518 1345 564 te,
1379 513 1483 565 quia
1509 525 1676 569 cogno-

199 585 296 611 ram
328 583 381 608 ex
410 569 499 607 tuis
530 569 690 607 literis.
762 567 872 606 Eum
911 563 1095 608 σι’)ιίἀον
1139 567 1329 620 Quirino
1368 569 1500 619 malo,
1544 580 1677 621 quam

198 626 358 666 Saluti.
417 623 490 662 Tu
522 636 630 664 vero
660 624 879 678 pervulga
907 623 1126 663 Hirtium.
1185 622 1237 662 Id
1275 624 1393 662 enim
1422 625 1567 677 ipsum
1595 637 1679 677 pu-

198 688 360 730 taram,
399 678 518 732 quod
554 679 743 727 scribis;
792 685 857 729 ut,
901 692 1038 730 quum
1085 679 1314 735 ingenium
1360 680 1493 720 amici
1533 678 1680 718 nostri

199 737 487 792 probaretur,
528 728 748 783 ὑπόθεσις
777 733 1066 787 vituperandi
1097 735 1278 776 Catonis
1308 734 1594 775 irrideretur.

194 800 1686 813 ffl———ffl———ffl—-ss

200 828 348 863 mich.“
398 827 463 861 sie
489 838 572 860 war
606 826 734 859 krank
761 837 950 859 wewesen.
979 843 1024 851 -
1068 826 1275 870 Ἀκηδία,
1313 828 1488 872 torpedo,
1524 827 1681 875 Mattig-

200 877 360 913 keit,—
387 887 442 909 me
463 880 592 916 movet,
618 875 767 908 beunru
801 874 858 921 igt
879 873 1167 908 mich—nihil
1191 888 1260 909 esse
1286 875 1311 911 i.
1342 888 1374 909 e.
1403 876 1549 909 nullius
1576 875 1683 920 peri-

202 925 283 958 culi
310 936 395 958 rem
424 935 512 958 esse.
527 923 709 957 MANUT.
737 922 846 964 „dass
873 933 910 956 es
939 922 1061 955 damit
1087 923 1225 957 Nichts
1252 936 1301 956 zu
1327 923 1517 958 bedeuten
1543 923 1683 960 habe,“

199 992 249 999 -—
275 970 572 1018 αὐεκτότερα,
601 970 879 1004 tolerabiliora.
906 971 978 1003 Pro
1007 973 1192 1016 ceteroqui
1217 972 1301 1008 Asc.
1323 983 1384 1016 pr.
1412 977 1448 1005 et
1475 983 1549 1009 sec.
1579 971 1681 1008 Crat.

199 1021 326 1066 (prob.
356 1019 532 1059 Corrad.)
561 1019 650 1054 sch.
678 1019 773 1054 Liin.
803 1024 922 1052 cetera
949 1020 1104 1064 quidem.
1146 1017 1220 1053 Sed
1247 1032 1357 1065 saepe
1386 1023 1568 1065 ceteroqui
1593 1030 1681 1053 cor-

200 1074 364 1113 ruptum
392 1067 482 1101 vidi.
536 1068 588 1101 Et
614 1078 843 1111 quamquam
870 1066 937 1099 hic
963 1066 1309 1111 interpolatoribus
1335 1068 1594 1102 necessarium
1622 1067 1682 1101 vi-

203 1117 365 1150 debatur
388 1120 555 1161 propter
581 1114 865 1160 ἅνεκτόῑερα
892 1120 1007 1154 erant,
1036 1121 1164 1148 tamen
1188 1116 1263 1149 hoc
1289 1116 1373 1150 sine
1398 1128 1434 1152 v.
1462 1122 1581 1150 cetera
1602 1118 1683 1161 qui·

202 1167 284 1199 dem
328 1176 448 1209 aeque
488 1169 593 1198 recte
638 1176 676 1197 se
717 1162 850 1205 habet,
896 1174 939 1196 ac
981 1163 1062 1197 Lib.
1098 1165 1164 1205 13,
1218 1165 1289 1209 Ep.
1328 1167 1387 1200 19.
1436 1165 1597 1212 quodque
1640 1169 1684 1198 tu

204 1213 435 1249 ἀκίνδυνα
476 1224 546 1246 esse
583 1214 722 1248 scribis.
766 1213 838 1245 ΟΒ.
884 1229 932 1236 --
981 1213 1150 1247 Asturae.
1197 1213 1367 1246 Dubium
1407 1217 1539 1245 utrum
1580 1211 1684 1245 hano

206 1261 408 1307 epistolam
450 1260 613 1295 Asturae
657 1272 705 1293 an
747 1259 790 1292 in
826 1259 974 1293 Antiati
1015 1260 1228 1305 scripserit.
1290 1260 1331 1294 Si
1367 1261 1540 1303 Asturae,
1585 1260 1686 1294 illuc

206 1310 338 1350 rediit,
374 1314 579 1354 postquam
617 1308 787 1342 Atticum
829 1308 873 1340 in
908 1308 1121 1342 suburbano
1169 1314 1412 1345 convenerat.
1454 1310 1557 1343 SCH.
1609 1308 1686 1342 Ge-

208 1370 286 1407 gen
306 1358 502 1391 Letzteres
530 1356 683 1401 spricht
709 1361 826 1390 erant.
845 1375 886 1382 —
913 1368 1008 1390 nunc
1034 1355 1080 1390 de
1105 1355 1262 1390 Corrad.
1292 1362 1328 1391 et
1349 1357 1508 1391 Graevii
1534 1361 1688 1391 senten·

205 1407 262 1440 tia
287 1405 375 1440 Sch.
414 1405 512 1441 Liin.
546 1417 610 1439 nec
636 1404 736 1440 cett.
774 1415 861 1437 cum
890 1403 986 1440 cdd.
1021 1409 1159 1450 augent
1191 1404 1238 1439 de
1274 1405 1433 1439 Graevii
1468 1417 1567 1450 susp.
1593 1403 1686 1442 Sch.

206 1456 306 1490 Liin.
337 1454 413 1488 ΟΒ.
449 1452 639 1496 „Sensusz
680 1452 722 1485 in
748 1452 970 1486 Tusculano
1009 1452 1054 1486 ob
1091 1452 1252 1501 vestigia
1284 1453 1437 1488 Tulliae
1469 1454 1611 1487 vulnus
1639 1464 1688 1487 ex

207 1503 290 1538 eius
316 1507 442 1536 morte
468 1502 616 1535 maiore
645 1512 732 1534 cum
760 1501 893 1535 dolore
921 1501 1146 1534 refricatum
1173 1501 1236 1534 iri.
1266 1501 1395 1536 SCH.“
1430 1506 1690 1548 nec..angunt

206 1551 363 1586 scheint
391 1550 465 1583 den
492 1549 588 1583 Sinn
613 1562 661 1582 zu
689 1549 827 1596 geben:
863 1549 988 1590 „auch
1023 1548 1114 1582 hier
1146 1549 1188 1582 in
1214 1549 1375 1583 Antium
1402 1550 1570 1598 dringen
1604 1549 1690 1583 sich.

206 1600 291 1633 mir
331 1598 393 1631 die
433 1596 745 1631 schmerzlichen
778 1597 1090 1644 Erinnerungen
1126 1596 1237 1630 nicht
1277 1598 1389 1632 mehr
1428 1600 1504 1640 auf,
1548 1598 1604 1632 als
1644 1598 1688 1630 in

208 1649 358 1681 Astura.
397 1646 456 1679 Im
483 1647 700 1680 Tusculano
739 1645 831 1679 aber
855 1644 957 1679 vvird
990 1645 1060 1678 der
1085 1645 1173 1679 Fall
1199 1645 1338 1680 anders
1375 1646 1498 1682 sein.“
1525 1665 1568 1672 —
1606 1647 1690 1685 illa,

208 1695 302 1740 „die
328 1694 637 1742 Erinnerungen
664 1706 711 1727 an
736 1693 914 1727 Tulliens
940 1693 1071 1736 T0d5⁶⁶
1109 1693 1185 1727 den
1221 1705 1263 1727 er
1297 1693 1409 1728 nicht
1442 1694 1514 1728 mit
1547 1694 1689 1729 klaren

208 1744 381 1780 Worten
407 1742 666 1786 aussprechen
692 1753 792 1789 mag.

309 1807 342 1839 3.
392 1804 449 1837 De
470 1803 621 1836 Caesare
640 1805 771 1843 vicino,
799 1801 1006 1843 „‹lar'1iber‚
1033 1801 1114 1835 dass
1137 1801 1251 1836 C'asar
1269 1802 1369 1836 Dein
1384 1802 1568 1836 Nachbar
1591 1802 1690 1836 sei.“

211 1851 308 1900 Vgl.
337 1863 395 1897 ep.
423 1853 508 1893 577,
536 1853 557 1886 3
585 1850 660 1883 den
688 1850 856 1884 Scherz:
892 1852 1053 1884 Domum
1091 1856 1194 1884 tuam
1224 1852 1349 1896 pluris
1381 1852 1483 1885 video
1511 1851 1691 1896 futuram

209 1903 333 1934 vicino
367 1901 535 1941 Caesare,
571 1898 675 1932 denn
701 1898 854 1931 Attikus
886 1897 992 1933 hatte
1025 1900 1093 1932 auf
1123 1898 1210 1932 dem
1237 1898 1511 1940 Quirinischen
1548 1899 1691 1947 Hiigel,

212 1959 275 1983 wo
302 1947 400 1981 auch
427 1948 496 1981 der
530 1946 779 1980 vornehmste
805 1947 968 1991 Tempel
1004 1946 1073 1980 der
1098 1946 1207 1981 Salus
1243 1947 1336 1981 oder
1363 1947 1499 1981 G'ottin
1534 1947 1603 1981 der
1637 1949 1693 1981 'of-

213 1997 435 2031 fentlichen
468 1994 702 2030 Wohlfahrt
737 1995 848 2028 stand
882 1996 927 2037 (s.
957 2006 1014 2040 ep.
1042 1997 1087 2031 87
1122 2001 1207 2028 tuae
1231 1998 1375 2030 vicinae
1400 1997 1585 2039 Salutis),
1625 1996 1693 2029 ein

215 2056 306 2079 vom
337 2043 624 2078 miitterlichen
662 2043 787 2077 Onkel
822 2043 995 2091 geerbtes
1024 2044 1125 2077 Haus
1160 2044 1204 2084 (s.
1234 2043 1388 2079 Cornel.
1414 2045 1531 2089 Nep.)
1568 2043 1692 2077 neben

215 2093 304 2127 <lem
329 2092 493 2138 Tempel
524 2092 590 2126 des
617 2091 799 2134 Quirinus
834 2092 927 2126 oder
961 2092 1230 2139 vergo‘tterten
1256 2092 1447 2126 Erbauers
1479 2103 1559 2126 von
1583 2092 1691 2128 Rom.

214 2141 271 2184 (S.
300 2141 346 2175 de
373 2141 497 2188 Legg.
524 2141 555 2182 Ι,
585 2143 615 2175 1.
643 2141 679 2177 Ρ.
707 2141 840 2174 Victor
866 2140 909 2173 in
943 2151 995 2173 vx.
1024 2140 1210 2187 regione).
1262 2141 1353 2173 Nun
1379 2140 1469 2174 aber
1492 2151 1577 2174 war
1601 2151 1692 2174 vom

215 2189 372 2231 Senate,
412 2189 482 2223 der
507 2189 602 2222 ietzt
627 2188 806 2223 meistens
832 2201 897 2222 aus
925 2187 1165 2236 Anhangern
1191 2188 1256 2222 des
1283 2188 1412 2222 C'a'sars
1438 2187 1608 2227 bestand,
1647 2188 1690 2221 in

218 2238 353 2271 diesen
379 2237 511 2285 Tagen
538 2236 600 2270 das
625 2236 714 2270 Bild
741 2237 805 2270 des
831 2236 1084 2271 Vernichters
1111 2236 1180 2270 der
1205 2235 1382 2270 Freiheit
1408 2238 1481 2270 mit
1507 2236 1576 2270 der
1598 2237 1692 2269 Auf-

219 2285 360 2320 schrift
383 2286 474 2331 θεῷ
500 2283 576 2319 α’νι
591 2283 706 2331 κήτῳ
732 2285 955 2332 ausgestellt
982 2286 1024 2327 (s.
1047 2284 1121 2318 Dio
1140 2284 1308 2326 XLIII),
1335 2284 1524 2319 wesshalb
1552 2284 1691 2319 Cicero

219 2334 294 2368 den
321 2334 436 2368 C‘zisar
459 2332 683 2367 scherzhaft
708 2333 825 2368 einen
852 2331 1030 2367 Nachbar
1055 2332 1118 2366 des
1144 2333 1296 2367 Attikus
1333 2339 1468 2367 neunt.
1512 2351 1559 2357 —
1595 2334 1694 2366 Eum

219 2382 630 2421 ‹Jzizvzvaov-..Saluz‘i5
656 2381 750 2424 „ich
776 2381 866 2415 sehe
891 2381 1026 2421 heber,
1054 2381 1135 2414 dass
1162 2381 1274 2414 C'a'sar
1299 2382 1371 2414 mit
1396 2380 1483 2414 dem
1511 2380 1695 2424 Quirinus

219 2431 277 2464 als
303 2430 378 2463 mit
404 2429 473 2463 der
498 2429 607 2463 Salus
635 2429 676 2463 in
704 2431 831 2464 einem
859 2429 1022 2474 Tempel
1047 2428 1231 2464 wohne.“
1283 2428 1330 2463 So
1357 2429 1584 2476 gefahrlich
1611 2429 1694 2463 die-

218 2490 284 2512 ser
316 2477 440 2519 witz,
480 2488 520 2511 so
554 2478 697 2511 konnte
730 2477 813 2511 sich
847 2477 948 2511 doch
982 2477 1117 2512 Cicero
1156 2477 1289 2511 dessen
1329 2477 1441 2510 nicht
1479 2476 1694 2512 erwehren.

219 2527 334 2560 Denn
361 2526 430 2560 der
455 2525 551 2560 Sinn
578 2526 777 2560 desselben
804 2531 937 2573 streng
962 2535 1197 2573 genommen
1225 2525 1292 2558 ist:
1320 2525 1463 2559 Salutis
1489 2525 1529 2558 in
1546 2525 1694 2570 templo

224 2574 427 2608 Gaesarem
465 2586 543 2608 esse
581 2575 686 2615 nolo,
725 2579 769 2606 ut
801 2574 882 2608 scil.
910 2573 1055 2607 servari
1083 2584 1130 2606 ne
1157 2572 1296 2617 possit3
1336 2573 1377 2606 in
1405 2573 1557 2615 Quirini
1592 2573 1695 2615 volo,

220 2627 266 2656 ut
294 2622 338 2655 ob
368 2622 627 2667 tyrannidem,
656 2621 978 2666 quemadmodum
998 2621 1069 2655 ille
1084 2621 1301 2663 (Romulus)
1317 2633 1337 2654 a
1356 2621 1517 2663 civibus,
1544 2620 1695 2654 occida-

220 2676 298 2705 tur.
333 2671 516 2705 MANUT.
563 2674 796 2714 scripseram.
841 2670 920 2703 Der
945 2669 1056 2703 Brief
1086 2669 1136 2702 ist
1168 2669 1277 2702 nicht
1312 2669 1427 2702 mehr
1452 2668 1693 2702 vorhanden.

221 2738 269 2743 --
296 2720 463 2752 Hirtium
501 2723 589 2752 statt
615 2719 757 2752 librum
792 2730 819 2752 s.
849 2717 1049 2762 epistolam
1076 2717 1119 2750 ab
1147 2717 1277 2751 Hirtio
1305 2717 1487 2761 scriptam
1516 2717 1561 2750 de
1588 2716 1694 2750 vitiis

223 2767 390 2804 Catonis,
415 2768 557 2802 Meton.
578 2766 613 2802 S.
631 2779 689 2812 ep.
705 2769 788 2809 567,
804 2769 837 2804 1.
865 2769 948 2809 570,
962 2768 996 2800 4.
1024 2767 1105 2808 574,
1122 2769 1154 2802 1.
1171 2784 1217 2790 —
1239 2771 1297 2799 ut.
1311 2766 1560 2807 ,i1·ricIeretur,
1577 2776 1696 2806 „man
