1795 3081
221 74 321 121 122
486 73 551 121 Μ.
588 70 640 118 Τ.
679 67 1023 122 CICERONIS
1059 71 1434 125 EPISTOLAE.

221 206 271 234 re
314 194 492 248 publica
535 193 740 248 cognito,
788 199 878 233 tam
926 192 1126 233 crudeles
1176 195 1382 245 fuissent,
1431 197 1680 250 quicunque

219 256 375 303 postea
397 262 490 287 rem
509 249 733 301 publicam
759 251 1047 303 oppressisset
1076 251 1227 302 armis,
1251 251 1392 289 multo
1419 252 1680 292 intolerabi-

219 306 383 343 liorem
413 306 625 343 futurum.
682 303 811 353 Nam,
856 303 973 357 quod
1002 305 1201 357 exemplo
1230 306 1293 356 fit,
1337 305 1383 344 id
1419 308 1552 345 etiam
1581 309 1679 347 iure

217 360 319 399 fieri
348 365 530 411 putant:
561 358 637 398 sed
665 358 833 411 aliquid
862 366 993 412 atque
1022 358 1128 399 adeo
1149 361 1288 399 multa
1313 360 1479 401 addunt
1500 368 1544 401 et
1573 364 1678 401 affe-

173 409 326 453 2runt
355 413 407 453 de
445 426 538 452 suo.
611 414 757 466 Quare
786 416 1033 454 meminisse
1064 413 1208 466 debes,
1248 428 1335 465 eos,
1379 417 1454 468 qui
1483 418 1678 456 auctori-

217 475 356 508 tatem
386 475 430 508 et
459 469 693 508 consilium
722 476 846 508 tuum
876 483 964 508 non
994 471 1083 509 sint
1111 472 1264 521 secuti,
1295 483 1373 509 sua
1394 472 1584 510 stultitia
1603 484 1677 510 oc-

215 523 392 574 cidisse,
426 537 558 576 quum
588 530 663 564 tua
690 524 926 577 prudentia
954 526 1067 564 salvi
1097 538 1187 564 esse
1216 527 1472 578 potuissent.
1530 526 1676 577 Dices,

213 578 368 629 „Quid
395 592 464 618 me
493 581 577 619 ista
607 592 676 618 res
706 580 962 618 consolatur
989 581 1036 618 in
1066 582 1198 619 tantis
1234 581 1428 621 tenebris
1468 586 1512 620 et
1552 583 1676 633 quasi

215 634 451 685 parietinis
482 636 549 674 rei
577 635 780 687 publicae
792 634 842 673 ?“
872 636 945 674 Est
974 636 1150 674 omnino
1179 637 1256 675 vix
1287 636 1570 674 consolabilis
1599 635 1675 675 do—

213 689 313 737 lor,
342 694 464 728 tanta
491 695 557 729 est
585 691 781 728 omnium
811 703 961 729 rerum
991 691 1166 729 amissio
1197 696 1241 730 et
1267 689 1515 743 desperatio
1547 704 1674 730 recu—

214 743 424 797 perandi:
481 744 557 783 sed
598 751 745 784 tamen
789 751 832 784 et
862 744 1023 785 Caesar
1052 747 1144 799 ipse
1173 746 1237 784 ita
1267 745 1319 784 de
1348 752 1392 785 te
1421 745 1589 785 iudicat
1631 752 1675 785 et

216 812 366 839 omnes
398 801 515 839 cives
544 801 608 838 sic
638 802 902 850 existimant,
946 801 1070 853 quasi
1100 802 1247 839 lumen
1277 800 1472 853 aliquod,
1510 802 1674 840 exstin-

216 856 300 893 ctis
330 856 502 905 ceteris,
533 856 709 894 elucere
737 857 1015 894 sanctitatem
1053 861 1096 894 et
1130 854 1409 908 prudentiam
1450 861 1493 894 et
1530 855 1673 911 digni-

214 915 352 948 tatem
381 916 514 949 tuam.
573 910 697 949 Haec
725 911 809 949 tibi
839 909 894 948 ad
924 909 1131 949 levandas
1160 911 1383 949 molestias
1403 923 1560 966 magna
1582 924 1673 949 esse

215 963 389 1004 debent.
449 963 576 1016 Quod
606 972 751 1004 autem
788 979 812 1004 a
842 967 929 1004 tuis
961 966 1076 1014 abes,
1116 964 1163 1003 id
1193 978 1243 1004 eo
1275 966 1415 1004 levius
1444 964 1673 1004 ferendum

214 1026 295 1070 est,
340 1019 456 1072 quod
496 1019 648 1059 eodem
685 1027 882 1073 tempore
920 1034 944 1059 a
980 1021 1130 1058 multis
1172 1027 1215 1060 et
1252 1021 1421 1075 magnis
1458 1022 1673 1059 molestiis

211 1075 341 1113 abes:
373 1088 478 1127 quas
508 1074 563 1113 ad
592 1081 635 1114 te
665 1088 813 1114 omnes
836 1076 1174 1128 perscriberem,
1204 1077 1291 1113 nisi
1318 1089 1515 1126 vererer,
1544 1089 1598 1114 ne
1623 1089 1673 1114 ea

212 1143 501 1185 cognosceres
540 1130 708 1180 absens,
754 1144 864 1183 quae
908 1132 1010 1183 quia
1051 1143 1139 1169 non
1178 1130 1316 1181 vides,
1358 1131 1469 1169 mihi
1503 1130 1671 1170 videris

166 1179 400 1224 3meliore
431 1198 521 1224 esse
552 1185 819 1236 conditione,
850 1199 978 1238 quam
1008 1199 1101 1236 nos,
1132 1187 1208 1238 qui
1236 1185 1448 1225 videmus.
1506 1186 1670 1225 Hacte-

207 1253 291 1279 nus
322 1242 524 1279 existimo
554 1248 750 1280 nostram
780 1242 1127 1279 consolationem
1157 1247 1277 1280 recte
1295 1240 1539 1280 adhibitam
1563 1254 1669 1291 esse,

208 1295 356 1347 quoad
386 1297 553 1334 certior
582 1297 634 1335 ab
665 1296 840 1335 homine
870 1297 1135 1335 amicissimo
1163 1296 1290 1335 fieres
1332 1297 1387 1334 iis
1429 1295 1481 1334 de
1522 1297 1668 1347 rebus,

208 1351 368 1402 quibus
398 1351 540 1390 levari
568 1352 1003 1403 possentffmolestiae
1033 1356 1147 1389 tuae.
1206 1350 1393 1402 Reliqua
1421 1357 1522 1390 sunt
1550 1352 1596 1389 in
1625 1357 1669 1390 te

206 1406 302 1458 ipso
345 1418 485 1457 neque
523 1406 633 1444 mihi
673 1407 825 1461 ignota
864 1419 944 1445 nec
983 1406 1167 1443 minima
1195 1405 1369 1455 solatia,
1411 1411 1462 1445 ut
1491 1405 1667 1458 quidem

207 1473 290 1515 ego
320 1462 477 1511 sentio,
508 1461 648 1499 multo
677 1462 886 1499 maxima:
931 1473 1040 1512 quae
1080 1472 1160 1515 ego
1198 1462 1426 1512 experiens
1468 1461 1667 1514 quotidie

205 1518 269 1554 sic
300 1517 457 1569 probo,
488 1522 537 1554 ut
567 1528 617 1554 ea
645 1516 755 1553 mihi
784 1517 970 1554 salutem
1000 1517 1160 1554 afferre
1188 1515 1436 1555 videantur.
1496 1515 1560 1555 Te
1590 1530 1666 1555 au-

202 1577 293 1610 tem
339 1571 392 1610 ab
437 1572 569 1610 initio
621 1572 777 1610 aetatis
820 1571 1034 1610 memoria
1080 1577 1208 1609 teneo
1259 1583 1425 1610 summe
1469 1573 1664 1610 omnium

202 1687 420 1720 Collectivo
445 1691 608 1720 senatum
632 1696 680 1717 z
705 1690 911 1725 senatores,
938 1697 964 1718 s.
992 1684 1142 1717 Ramsh.
1170 1684 1196 1726 ἕ.
1221 1685 1299 1723 159,
1326 1685 1359 1718 2.
1388 1695 1418 1718 e.
1445 1687 1525 1720 206.
1555 1685 1598 1727 Α,
1625 1688 1661 1728 ll,

201 1735 233 1768 b.
264 1736 346 1776 203,
374 1735 404 1772 I,
431 1747 463 1776 a,
488 1737 521 1769 7.
549 1735 689 1781 Figura
716 1734 869 1778 synesis.
896 1752 942 1758 —-·
968 1734 1090 1765 nullo.
1108 1734 1311 1777 ..cogm't0‚
1340 1732 1439 1766 ohne
1467 1733 1546 1766 dass
1572 1746 1661 1766 inan

200 1783 349 1816 vorher
392 1783 454 1816 ein
497 1781 698 1814 ‘ahnliches
730 1781 897 1826 Beispiel
935 1781 977 1813 in
1017 1780 1085 1813 der
1118 1780 1310 1824 Republik
1343 1781 1510 1826 gesehen
1543 1781 1659 1815 hatte.

200 1830 236 1863 S.
257 1830 407 1863 Ramsh.
436 1832 466 1870 ἓ.
487 1833 568 1870 171,
594 1830 666 1869 111,
693 1830 727 1871 2,
753 1832 786 1864 2.
815 1846 858 1854 -
884 1831 947 1862 sed
966 1829 1116 1873 aliquid,
1144 1827 1270 1860 Lamb.
1298 1833 1333 1859 ez*
1359 1830 1406 1860 ccl.
1435 1834 1565 1862 contra
1586 1830 1659 1864 Md.

200 1883 243 1911 at
268 1878 397 1911 nescio
425 1878 491 1921 qui
518 1877 617 1922 apud
643 1877 755 1910 Hand
783 1878 932 1911 Tzcrsell.
963 1879 994 1910 1.
1021 1887 1058 1920 p.
1084 1878 1178 1917 425„
1216 1875 1281 1918 qui
1309 1877 1460 1909 refutat.
1491 1878 1564 1910 ΟΒ.

295 1939 331 1972 2.
382 1941 598 1980 meminisse,
624 1937 832 1979 recordari,
866 1936 1078 1970 bedenken.
1110 1954 1150 1961 -
1178 1937 1254 1968 sint
1267 1937 1393 1968 secuti.
1434 1937 1658 1981 Pompeium

201 1985 395 2032 intelligit
423 1986 578 2030 eiusque
613 1986 770 2019 asseclas
808 1986 847 2017 in
883 1984 986 2018 bello
1025 1983 1133 2016 civili
1169 1983 1322 2016 occisos,
1356 1986 1432 2016 sint
1457 1985 1530 2017 Md.
1557 1985 1656 2019 Vict.

201 2037 235 2068 1.
262 2035 295 2067 2.
335 2034 454 2081 Bcng.
482 2033 623 2068 Bened.
659 2039 747 2067 sunt
773 2032 912 2066 Ceteri.
955 2033 1026 2066 OR.
1063 2048 1107 2056 ——
1140 2033 1233 2064 sah-z·
1258 2043 1326 2064 esse
1351 2042 1399 2063 =
1424 2032 1578 2065 servari.
1615 2051 1657 2058 —

195 2084 346 2127 pariet„
373 2081 533 2115 Ruinen.
568 2100 615 2106 —-
649 2081 886 2126 recuperandi
909 2079 976 2112 has
1002 2090 1073 2113 res.
1110 2097 1154 2104 —
1188 2082 1369 2112 exstinctis
1394 2082 1519 2114 ceteris
1545 2081 1658 2113 lumi-

199 2130 308 2162 nibus
336 2140 382 2160 :
409 2131 449 2162 in
476 2130 590 2162 tantis
626 2129 805 2163 tenebris.
843 2146 882 2153 ——
919 2129 1018 2173 dign.
1045 2133 1086 2166 t„
1118 2127 1217 2160 Dein
1243 2127 1500 2161 wiirdevolles
1526 2128 1657 2161 Betra—

199 2189 285 2224 gen.
314 2196 360 2201 -—
384 2179 494 2219 Haec,
523 2177 652 2211 solche
678 2177 999 2223 Betrachtungen.
1025 2194 1071 2199 —-
1105 2187 1255 2219 magna,
1282 2186 1355 2208 von
1383 2187 1552 2222 grossem
1581 2177 1657 2209 Go-

197 2224 332 2258 wicht.
374 2245 416 2250 ——
455 2228 496 2259 id
518 2238 566 2263 e0,
600 2226 718 2269 Neap.
748 2225 831 2258 Asc.
862 2228 892 2258 1.
922 2225 1019 2257 Crat.
1046 2223 1142 2256 Vict.
1174 2226 1203 2256 l.
1233 2223 1359 2255 Lamb.
1388 2225 1477 2257 ideo.
1510 2224 1584 2256 ΟΒ.
1610 2243 1657 2249 --

196 2285 220 2304 a
245 2275 373 2307 multis
400 2279 433 2307 et
459 2273 614 2317 quidem
638 2277 793 2318 magnis.
828 2291 874 2296 —
907 2275 981 2305 nisi
1005 2284 1152 2310 vererer,
1186 2272 1416 2312 m..absens‚
1449 2283 1565 2304 wenn
1592 2271 1655 2305 ich

196 2320 305 2354 mich
342 2322 452 2355 nicht
478 2321 671 2361 scheuete‚
712 2322 783 2354 Dir
808 2320 929 2354 Deine
956 2318 1226 2353 Abwesenheit
1259 2318 1381 2350 durch
1417 2319 1500 2352 eine
1527 2317 1656 2352 schil-

198 2367 350 2418 derung
375 2370 530 2403 solcher
544 2369 667 2417 Dinge
693 2381 740 2401 zu
767 2368 1040 2402 verkiimmern
1066 2380 1101 2400 u.
1130 2379 1156 2400 s.
1183 2378 1289 2400 w.—
1305 2369 1387 2400 mel.
1413 2378 1484 2400 esse
1510 2368 1656 2405 condit„

196 2415 327 2450 besser
353 2418 471 2451 daran
497 2417 593 2451 sein.

292 2470 325 2500 3.
380 2466 500 2511 quoad
527 2476 575 2496 Ξ
608 2465 790 2504 insofern,
822 2464 1010 2504 insowest,
1038 2463 1102 2496 als.
1143 2461 1176 2495 S.
1205 2462 1355 2495 Ramsh.
1383 2463 1408 2505 §.
1439 2463 1518 2504 115,
1547 2465 1579 2503 1,
1607 2462 1651 2495 N.

194 2516 229 2549 2.
258 2516 338 2548 189.
367 2515 415 2547 II.
453 2513 598 2547 Grotef.
626 2514 652 2555 §.
679 2514 759 2546 [122.
799 2530 842 2536 —
877 2514 921 2545 ab
947 2512 1039 2546 hom.
1064 2512 1171 2543 amic.
1210 2516 1252 2542 st.
1281 2523 1300 2543 a
1326 2522 1400 2549 me,
1427 2515 1492 2542 tuo
1519 2509 1651 2543 amico.

197 2580 237 2586 —
265 2564 403 2596 solatia
429 2574 448 2595 e
473 2560 734 2594 doctrinarum
763 2559 934 2594 omnium
961 2559 1084 2593 studio
1110 2559 1283 2602 repetita.
1320 2576 1360 2582 -
1401 2563 1462 2590 ut.
1483 2560 1650 2591 ..sentim

196 2609 267 2641 Md.
295 2615 362 2642 aut
389 2611 528 2656 quiderm
554 2622 618 2653 ego
644 2611 757 2642 sentio
784 2608 881 2642 Crat.
910 2607 1007 2640 vict.
1035 2608 1067 2642 2.
1106 2612 1150 2647 et,
1185 2612 1224 2639 ut
1256 2607 1397 2651 quidem
1431 2617 1495 2650 ego
1526 2608 1651 2638 sentio.

194 2658 334 2690 Bened.
365 2670 392 2692 e.
422 2658 514 2691 Cdd.
543 2662 587 2697 et,
614 2662 654 2688 ut
679 2657 838 2702 equidem
863 2659 991 2688 sentio.
1020 2655 1238 2700 Mart-Lag.
1267 2660 1312 2692 ct,
1347 2658 1386 2685 ut
1411 2653 1551 2698 quidem
1577 2665 1653 2685 scn-

196 2709 259 2739 tc'o.
291 2707 482 2741 ORELLI.
519 2723 568 2730 -·
604 2710 736 2746 autem,
779 2704 959 2737 n'zinilich.
1000 2721 1045 2728 —
1082 2714 1104 2734 a
1128 2706 1284 2747 sapient.
1312 2702 1404 2734 viris
1430 2701 1649 2747 lllartehag.
