1795 3081
211 93 309 141 334
476 89 542 135 Μ.
577 89 630 136 Τ.
668 88 1005 138 CICERONIS
1041 89 1416 143 EPISTOLAE.

213 215 359 310 potius
390 225 478 251 non
517 211 684 262 scripta
722 207 966 261 desideret,
1011 224 1141 266 quam
1180 215 1344 268 scripta
1386 229 1472 256 non
1511 218 1683 272 probet.

229 271 453 316 'ostremo,
483 272 533 305 ut
560 268 691 306 volet.
750 266 872 305 Abiit
902 266 1032 317 illud,
1063 266 1180 320 quod
1210 276 1304 309 tum
1326 285 1395 311 me
1414 273 1683 322 stimulabat,

213 323 332 378 quod
359 323 443 362 tibi
467 321 623 360 dabam
652 315 890 375 πρόβλημα
915 315 1234 377 Ἀρχιμήδειον.
1269 323 1412 366 Multo
1432 329 1685 368 mehercule

213 380 354 433 magis
385 390 503 416 nunc
532 381 637 430 opto
669 388 818 415 casum
848 378 992 427 illum,
1039 391 1167 430 quem
1206 385 1300 419 tum
1338 382 1568 431 timebam,
1611 383 1683 423 vel

214 448 346 488 quem
387 432 557 472 libebit.
629 430 728 470 Nisi
760 431 866 484 quid
895 439 936 472 te
965 432 1087 471 aliud
1117 434 1352 486 impediet,
1397 436 1505 477 mihi
1535 442 1685 490 optatu

212 490 403 530 veneris.
435 487 588 526 Nicias
616 499 641 525 a
660 486 883 527 Dolabella
913 500 1069 541 magno
1099 502 1230 540 opere
1260 493 1494 532 arcessitus
1516 515 1569 520 ——
1601 494 1685 547 legi

215 547 333 585 enim
364 545 516 583 literas
546 563 599 571 ——-
642 543 723 580 etsi
751 542 889 582 invito
920 557 1011 594 me,
1054 549 1199 584 tamen
1229 545 1381 586 eodem
1410 561 1478 588 me
1507 554 1687 588 auctore

214 603 443 654 profectus
473 604 554 639 est.
613 596 713 636 Hoc
743 611 875 637 manu
904 612 1012 638 mea.

318 766 646 817 EPISTOLA
682 765 1001 815 DLXXXIX.
1067 768 1148 827 (aa
1181 769 1281 818 Att.
1318 769 1451 818 x111.
1486 773 1588 831 29.)

217 860 299 895 Ser.
328 860 371 893 in
396 857 614 909 Tusculano
643 868 673 890 a.
701 855 736 888 d.
761 855 842 888 VII.
865 852 949 888 Kal.
978 855 1106 898 Quint.
1134 858 1179 895 A.
1206 858 1254 893 U.
1281 858 1321 895 C.
1347 862 1428 896 709.
1462 861 1514 903 (a.
1542 860 1583 895 C.
1609 861 1686 902 45.)

217 930 354 965 Niciae
383 928 428 963 de
454 928 640 963 luvencio
666 927 818 961 Thalna
844 926 1030 960 iudicium
1057 930 1190 963 refert.
1218 934 1251 965 1.
1291 928 1337 966 de
1362 930 1485 966 hortis
1513 932 1686 966 emendis

600 976 694 1021 quid
720 975 807 1009 fieri
834 975 942 1039 ve'lit,
977 977 1150 1020 exponit.
1185 979 1307 1015 2-3.

725 1046 903 1081 CICERO
931 1047 1112 1082 ATTICO
1139 1048 1176 1082 S.

334 1123 479 1175 Quum
511 1122 635 1174 quasi
665 1121 774 1159 alias
806 1133 876 1159 res
907 1132 1166 1173 quaererem
1199 1121 1252 1161 de
1282 1123 1526 1179 philologis
1556 1138 1579 1164 e
1608 1123 1690 1163 Ni-

220 1181 306 1230 cia,
337 1175 571 1217 incidimus
601 1179 648 1215 in
676 1176 907 1215 Thalnam.
965 1176 1046 1216 Ille
1088 1176 1140 1217 de
1170 1179 1348 1233 ingenio
1379 1180 1493 1220 nihil
1531 1181 1688 1218 nimis:

221 1234 469 1275 modestum
500 1239 544 1272 et
574 1233 707 1288 frugi.
767 1230 854 1270 Sed
885 1231 969 1270 hoc
999 1232 1109 1271 mihi
1140 1246 1228 1272 non
1257 1235 1449 1287 placuit:
1493 1249 1538 1274 se
1575 1237 1691 1274 scire

221 1290 369 1330 aiebat
399 1288 452 1327 ab
485 1302 536 1328 eo
565 1301 708 1341 nuper
738 1289 920 1340 petitam
951 1288 1251 1339 Cornificiam,
1291 1289 1340 1341 Q.
1372 1291 1525 1341 filiam,
1564 1296 1692 1330 vetu-

222 1347 312 1386 lam
352 1357 456 1383 sane
497 1350 552 1396 et„
578 1344 819 1383 multarum
857 1344 1139 1396 nuptiarum:
1184 1357 1273 1383 non
1312 1358 1404 1385 esse
1455 1346 1693 1400 probatum

222 1460 483 1509 gem‘a‘ssigten
511 1457 890 1506 Lobeserhebungen
920 1458 961 1491 in
990 1459 1143 1493 meiner
1168 1457 1331 1493 schrift.
1351 1475 1396 1485 -—
1423 1460 1621 1502 Postremo,
1653 1465 1693 1494 ut

222 1511 329 1549 volet,
357 1508 457 1541 kurz
487 1519 520 1540 u.
549 1513 633 1554 gut,
663 1507 789 1540 denke
818 1519 858 1540 er
884 1518 1010 1554 geg-en
1037 1506 1158 1547 mich,
1185 1508 1262 1541 wie
1292 1518 1335 1541 er
1359 1508 1490 1546 wolle.
1520 1528 1561 1534 —-
1588 1509 1694 1542 Abiit

223 1558 330 1592 illud·
358 1563 454 1598 cen,
491 1553 732 1597 „verraucht
769 1554 818 1587 ist
858 1567 938 1587 nun
978 1555 1041 1589 die
1080 1555 1173 1589 Lust
1212 1566 1301 1588 zum
1339 1556 1693 1591 Archimedischen

225 1604 424 1643 Problem‚
454 1603 516 1637 die
543 1602 651 1643 mich
677 1601 821 1635 ‹lamals
849 1602 1034 1644 kitzelte,
1065 1604 1118 1636 als
1147 1602 1212 1636 ich
1239 1615 1276 1637 es
1302 1604 1375 1637 Dir
1401 1617 1450 1638 zu
1475 1605 1582 1638 lb'sen
1609 1606 1692 1637 auf-

254 1653 338 1687 ab.“
387 1650 573 1685 N‘zimlich
605 1651 682 1685 wie
719 1661 761 1684 er
796 1650 927 1684 C'zisars
960 1651 1085 1685 Gunst
1118 1650 1203 1684 sich
1239 1653 1440 1686 erwerben
1476 1652 1557 1685 und
1592 1652 1694 1686 doch

225 1665 302 1735 {en
326 1697 544 1734 Charakter
570 1698 675 1733 eines
701 1698 1001 1746 freigeborenen
1023 1698 1308 1733 Staatsmannes
1336 1700 1445 1733 dabei
1471 1700 1693 1745 behaupten

226 1748 387 1783 kenne?
428 1746 528 1780 diess
553 1757 637 1781 war
663 1745 726 1779 das
753 1746 952 1787 Problem,
981 1746 1111 1780 dessen
1137 1746 1294 1794 Lb'sung
1319 1747 1436 1781 selbst
1464 1749 1592 1782 einem
1619 1748 1691 1781 Ar-

228 1795 440 1838 chimedes,
467 1796 597 1828 ienem
612 1794 916 1828 Mathematiker
940 1807 989 1827 zu
1006 1793 1195 1839 Syrakus,
1224 1795 1306 1836 der,
1334 1795 1388 1828 als
1417 1806 1459 1829 er
1476 1796 1563 1829 den
1577 1794 1694 1843 Weg,

227 1845 270 1879 in
298 1843 401 1878 Gold
442 1842 742 1890 eingemischtes
780 1842 918 1875 Metall
958 1854 1006 1875 zu
1048 1842 1292 1885 entdecken,
1336 1843 1535 1890 gesunden
1574 1843 1694 1885 hatte,

228 1891 363 1940 εὕρηκα
388 1891 545 1932 ausrief,
573 1890 776 1924 bleibende
801 1889 911 1924 Ehre
937 1890 1119 1938 gemacht
1142 1889 1261 1926 hatte.
1303 1891 1398 1938 Vgl.
1421 1902 1479 1936 ep.
1500 1891 1582 1933 4'45,
1602 1893 1635 1926 2.
1652 1909 1697 1917 —

229 1952 357 1976 casum
383 1941 508 1979 illum,
544 1937 816 1986 gravissimam
843 1938 1015 1972 Caesaris
1042 1938 1318 1980 offensionem,
1346 1949 1442 1982 quae
1468 1939 1533 1973 vel
1560 1939 1697 1973 mortis

229 1989 296 2024 vel
331 1988 461 2023 exsilii
487 1986 713 2032 periculum
743 1987 843 2020 mihi
870 1986 1011 2020 afferre
1038 1992 1201 2031 poterat.
1265 1987 1381 2019 Hunc
1408 1997 1538 2020 casum
1565 1988 1619 2020 ait
1644 1999 1696 2028 se,

230 2037 417 2082 quoniam
445 2035 492 2070 ob
519 2035 624 2068 filiae
651 2040 820 2069 mortem
846 2035 949 2078 vitae
966 2042 1183 2079 pertaesum
1203 2034 1267 2075 sit,
1297 2046 1400 2068 nunc
1423 2035 1543 2082 magis
1564 2042 1697 2080 optare

231 2096 347 2130 quam
376 2085 639 2118 extimescere.
667 2082 767 2116 SCH.
786 2103 829 2109 —-
847 2085 903 2118 vel
927 2095 1029 2129 quem
1054 2082 1190 2123 libebit,
1220 2083 1313 2116 oder
1338 2082 1448 2116 ieden
1474 2082 1696 2128 beliebigen

229 2133 379 2167 andern
404 2131 505 2165 Fall.
533 2149 579 2156 —-
616 2129 757 2166 Nicias.
785 2130 819 2167 S.
849 2143 908 2177 ep.
935 2133 1015 2168 583.
1041 2148 1089 2155 -
1123 2143 1258 2177 magno
1285 2143 1392 2177 opere
1416 2142 1557 2171 arc-ess„
1582 2130 1697 2164 sehu-

229 2180 349 2215 lichst
374 2180 567 2228 verlangt.

327 2254 363 2286 1.
416 2253 533 2296 Quum
559 2253 666 2297 quasi
698 2251 795 2285 alias
830 2263 885 2286 res
924 2250 948 2285 i.
977 2262 1009 2287 e.
1046 2261 1194 2296 „quum
1221 2249 1506 2299 interrogarem
1533 2249 1699 2292 Niciam,

232 2299 391 2346 quinam
419 2304 543 2333 essent
569 2299 800 2333 eruditiores
828 2299 870 2332 in
905 2298 1032 2333 literis
1068 2304 1298 2344 possentque
1322 2299 1378 2333 'de
1413 2299 1461 2332 iis
1495 2298 1591 2332 bene
1626 2298 1702 2331 dis-

232 2360 363 2384 serere
388 2366 436 2372 ——
461 2359 548 2380 nam
574 2347 617 2379 hi
644 2352 732 2380 sunt
757 2346 951 2402 philologi
972 2367 1019 2372 —
1041 2347 1156 2391 idque
1181 2348 1362 2388 facerem,
1390 2358 1437 2380 ne
1464 2345 1701 2379 animadver-

232 2402 345 2440 teret,
383 2395 477 2441 quid
507 2395 650 2430 vellem
683 2400 720 2428 et
755 2406 871 2438 quare
908 2397 1234 2443 interrogarein.“
1284 2394 1433 2439 Nempe
1467 2394 1620 2428 volebat
1654 2391 1699 2426 de

233 2444 382 2478 Thalna
418 2454 646 2492 cognoscere
685 2443 764 2477 eius
802 2443 1006 2483 iudicium,
1055 2443 1102 2477 ad.
1145 2454 1258 2487 quem
1296 2441 1451 2476 videbat
1485 2452 1700 2476 sermonem

235 2498 454 2534 venturum,
481 2491 583 2536 quod
608 2490 748 2524 sciebat
775 2503 860 2525 eum
887 2503 965 2525 esse
991 2492 1157 2526 doctum.
1185 2491 1410 2527 ERNESTI.
1446 2508 1492 2515 -
1525 2494 1565 2524 in
1591 2490 1700 2523 Thal-

236 2553 323 2576 nam
356 2553 376 2575 e
411 2539 617 2575 Iuvenciis.
669 2539 765 2573 Cum
791 2539 912 2572 Fastis
939 2539 1169 2584 Capitolinis
1202 2538 1289 2573 Sch.
1320 2540 1417 2572 Liin.
1453 2539 1629 2572 Thalnam
1655 2548 1702 2569 :z

236 2590 399 2623 Talnam
425 2588 564 2622 Ceteri.
595 2589 669 2622 ΟΒ.
692 2607 739 2611 -
766 2588 864 2621 nihil
885 2590 996 2622 nimis
1022 2587 1132 2629 dixit,
1160 2598 1203 2621 er
1225 2588 1329 2632 pries
1355 2587 1437 2620 sein
1457 2586 1583 2620 Genie
1609 2585 1701 2619 eben

236 2636 349 2670 nicht
374 2649 422 2670 zu
455 2635 569 2677 sehr;
609 2636 782 2683 dagegen
819 2635 888 2668 ihn
923 2636 1040 2669 selbst
1072 2636 1126 2668 als
1165 2635 1279 2669 einen
1312 2634 1594 2669 bescheidenen
1624 2633 1702 2665 und

238 2684 397 2719 biedern
424 2684 569 2732 iungen
596 2685 720 2717 Mann.
751 2703 793 2709 —
819 2684 882 2717 sed
904 2684 982 2726 hoc,
1011 2695 1149 2727 nempe
1177 2682 1282 2727 quod
1308 2684 1497 2727 sequitur.
1525 2701 1567 2707 —
1610 2682 1700 2714 Cor-

237 2734 413 2780 mficiam,
444 2735 485 2780 Q
503 2734 639 2778 filiam.
667 2731 703 2767 S.
731 2744 779 2766 zu
805 2742 863 2777 ep.
890 2734 959 2768 6(ss
988 2731 1043 2765 im
1071 2731 1260 2779 Anfange.
1287 2749 1335 2757 —
1359 2733 1559 2765 multarum
1585 2735 1701 2774 nupt„
