1795 3081
348 136 351 140 ⁴
390 61 711 136 EPISTOLA
745 61 1017 112 DLXXIV.
1053 60 1299 125 DLXXV.
1482 65 1578 114 317

107 185 213 241 quid
242 191 308 227 est
336 186 532 239 quaeso?
577 183 841 222 Philotimus
871 194 952 221 nec
983 181 1190 222 Carteiae
1219 183 1476 236 Pompeium
1511 190 1578 226 te-

106 243 220 292 neri,
250 263 306 269 —-
335 254 420 294 qua
448 239 502 279 de
532 252 581 278 rc
610 240 845 277 literarum
875 236 930 276 ad
960 236 1166 277 Clodium
1184 239 1445 279 patavinum
1474 242 1578 280 mis-

106 310 256 337 sarum
287 297 535 348 exemplum
564 295 675 332 mihi
706 294 874 346 Oppius
914 298 958 332 et
986 294 1149 333 Balbus
1185 296 1413 345 miserant,
1456 308 1502 334 se
1531 295 1579 335 id

106 355 273 392 factum
323 351 538 390 arbitrari
575 372 630 377 —-
672 350 928 401 bellumque
978 355 1135 388 narrat
1193 350 1415 402 reliquum
1468 352 1577 390 satis

105 420 325 464 magnum.
385 406 509 446 Solet
540 406 719 443 omnino
751 417 842 443 esse
870 403 1132 443 Fulviaster.
1199 403 1287 443 Sed
1332 412 1492 457 tamen,
1537 406 1576 445 si

107 463 214 515 quid
252 463 398 503 habes.
463 460 583 500 Volo
623 461 756 500 etiam
793 458 847 500 de
890 460 1126 515 naufragio
1158 458 1403 501 Caniniano
1443 462 1576 512 scire,

107 517 214 571 quid
243 519 316 558 sit.

248 654 568 707 EPISTOLA
602 657 852 707 DLxxv.
922 655 1006 715 (ad
1040 655 1149 707 Am
1183 655 1294 705 XII.
1334 658 1435 717 45.)

252 747 336 781 Scr.
363 747 403 779 in
429 745 575 779 Antiati
603 746 671 780 III.
698 745 754 784 Id.
781 747 869 782 Iun.
895 746 940 782 A.
962 746 1006 780 U.
1026 745 1068 781 G.
1094 747 1178 781 709.
1223 747 1272 788 (a.
1293 745 1333 781 C.
1352 748 1433 789 45.)

108 820 163 853 De
191 818 302 852 libris
328 829 348 851 a
375 829 414 851 se
441 829 567 862 nuper
592 817 758 862 scriptis.
794 820 824 852 1.
871 817 917 851 de
942 817 1090 851 Atticae
1120 822 1158 850 et
1184 817 1305 851 Attici
1330 817 1574 859 valetudine3

105 879 175 901 cur
199 869 240 901 in
265 866 483 909 Tusculano
512 878 589 899 esse
617 866 725 899 velit.
753 867 788 902 2,
826 865 871 899 de
899 865 1069 899 Caesaris
1095 870 1214 898 statua
1240 866 1281 899 in
1307 866 1455 911 templo
1484 866 1575 910 Qui-

436 914 539 956 rini3
574 914 619 948 de
647 913 768 947 Hirtii
795 914 895 947 libro
922 913 1171 961 divulgando.
1204 916 1238 949 3.

603 985 781 1020 CICERO
815 985 997 1020 ATTICO
1039 984 1076 1020 S.

213 1060 304 1115 Ego
333 1059 406 1100 hic
435 1057 522 1098 duo
552 1071 711 1113 magna
741 1054 1017 1111 συντάχιιατα
1047 1058 1233 1098 absolvi.
1284 1056 1425 1097 Nullo
1456 1058 1576 1097 enim

104 1116 194 1154 alio
225 1114 411 1154 niodo'a
448 1115 628 1152 miseria
667 1114 792 1165 quasi
829 1115 1040 1153 aberrare
1085 1127 1273 1167 possum.
1338 1113 1410 1152 Tu
1447 1114 1575 1163 mihi,

104 1172 238 1210 etiam
267 1171 306 1209 si
334 1169 448 1208 nihil
480 1170 582 1219 erit,
615 1168 733 1220 quod
761 1170 929 1209 scribas
958 1192 1012 1197 --
1035 1169 1153 1222 quod
1170 1171 1268 1208 fore
1287 1170 1351 1208 ita
1366 1168 1499 1208 video
1517 1190 1575 1197 —

102 1233 248 1265 tamen
279 1224 326 1264 id
362 1227 505 1278 ipsum
546 1225 713 1263 scribas
749 1225 901 1275 velim,
944 1231 989 1264 te
1030 1225 1145 1263 nihil
1188 1224 1409 1275 habuisse,
1455 1223 1573 1276 quod

102 1282 335 1332 scriberes,
379 1280 483 1319 dum
512 1278 643 1318 modo
674 1293 728 1319 ne
757 1280 826 1319 his
854 1280 1018 1320 verbis.
1085 1281 1152 1320 De
1182 1280 1346 1330 Attica,
1392 1278 1616 1332 optime.2

197 1399 230 1431 ll.
284 1397 513 1437 Philotimus,
547 1396 743 1431 Ciceronis
777 1395 952 1429 libertus.
991 1394 1027 1430 S,
1056 1395 1101 1428 ad
1127 1395 1254 1437 Quint,
1283 1389 1508 1439 Frat'r.‘111‚
1537 1399 1572 1434 1.

105 1444 151 1478 ad
175 1445 312 1477 Famil.
341 1445 413 1484 III,
439 1446 473 1479 9.
511 1444 556 1477 ad
583 1444 696 1477 Attio.
734 1443 783 1481 ΙΙ,
809 1445 843 1477 4.
880 1444 928 1485 V,
955 1445 990 1478 3.
1033 1444 1103 1484 VI,
1132 1447 1186 1478 10.
1224 1462 1272 1468 -—
1302 1456 1366 1478 nec
1400 1445 1572 1479 Carteiae

104 1494 313 1538 Pompeium
351 1494 753 1537 teneri...bel[z;quce
787 1501 834 1522 Ξ
871 1491 935 1524 secl
970 1491 1116 1525 bellum
1148 1493 1329 1538 reliquum
1365 1503 1444 1526 esse
1476 1495 1572 1526 satis

102 1553 279 1584 magnum
305 1545 450 1578 narrat,
477 1540 735 1581 „Philotimus
761 1539 991 1581 versichert,
1028 1539 1227 1584 Pompeius
1262 1539 1316 1573 sei
1350 1540 1393 1573 in
1420 1540 1570 1574 Carteia

103 1589 214 1621 nicht
242 1588 569 1634 eingeschlossen,
596 1587 763 1621 sondern
792 1599 828 1621 es
854 1586 958 1620 fehle
986 1586 1087 1620 noch
1105 1587 1196 1621 schr
1212 1588 1299 1622 Viel
1326 1587 1457 1630 daran,
1485 1588 1568 1622 dass

101 1636 171 1670 der
204 1636 327 1683 Krieg·
363 1635 548 1683 geendigt
587 1636 683 1669 sei.“
738 1635 805 1668 Cn.
840 1635 1044 1679 Pompeius
1086 1635 1193 1670 hatte
1235 1635 1320 1669 sich
1357 1636 1458 1669 nach
1498 1636 1569 1670 der

100 1684 285 1718 Schlacht
320 1684 379 1717 bei
408 1684 547 1716 Munda
581 1684 622 1716 in
650 1683 799 1717 Carteia
831 1685 1046 1731 geworfen,
1080 1695 1163 1717 war
1196 1684 1286 1718 aber
1319 1695 1397 1718 von
1423 1684 1470 1717 (la
1494 1684 1569 1716 mit

98 1734 147 1767 20
181 1730 496 1779 Kriegsschiffen,
537 1731 657 1766 deren
692 1743 735 1765 er
769 1730 853 1764 sich
885 1731 1052 1765 mittelst
1087 1731 1301 1780 Erregung
1338 1732 1444 1766 eines
1472 1731 1569 1765 Auf-

0 1787 5 1819 ιζ
100 1780 253 1814 standes
280 1779 517 1826 bem'achtigt
542 1779 660 1821 hatte,
688 1778 893 1824 gliicklich
919 1775 1181 1813 entkommen.
1218 1779 1253 1813 S.
1273 1781 1382 1814 Auct.
1402 1779 1447 1813 de
1466 1780 1566 1813 Bell.

0 1834 4 1876 ζ
100 1828 213 1872 Hisp.
240 1838 271 1860 c.
298 1829 356 1862 32.
384 1830 442 1862 37.
478 1828 629 1861 Carteia
663 1828 728 1874 lag·
761 1839 821 1860 am
849 1827 1037 1861 Ausssusse
1074 1827 1136 1860 des
1163 1828 1286 1862 Baetis
1314 1828 1569 1872 (Guadalqui-

2 1878 3 1897 ³
99 1876 190 1917 vir).
234 1881 346 1920 negat
383 1876 549 1909 Carteiae
582 1876 628 1909 de
660 1875 829 1909 Turnebi
864 1887 962 1919 susp.
990 1875 1078 1909 Sch.
1122 1875 1222 1908 Liin.
1272 1877 1347 1911 ΟΒ.
1391 1895 1438 1901 -
1493 1889 1568 1922 qua

100 1925 141 1957 de
168 1937 216 1957 re.
254 1923 372 1956 Darin
399 1923 509 1957 stand
536 1924 627 1965 also,
663 1923 744 1956 dass
770 1923 972 1967 Pompeius
998 1935 1045 1956 zu
1073 1923 1224 1957 Carteia
1251 1924 1566 1973 eingeschlossen

99 1972 164 2006 sei.
201 1990 248 1996 —-—
286 1972 454 2005 Clodium
488 1972 717 2010 Patavinmn,
756 1971 865 2004 einen
907 1976 1009 2004 sonst
1040 1971 1314 2006 unbekannten
1345 1973 1477 2006 Mann.
1519 1990 1566 1998 —

98 2032 134 2054 se
160 2021 202 2054 id
217 2019 315 2062 fact.
338 2021 467 2053 arbitr.
493 2018 613 2065 hang-t
641 2020 683 2052 ab
703 2030 778 2052 von
797 2025 833 2052 et
852 2019 1098 2063 scripserant,
1119 2032 1195 2053 was
1222 2019 1263 2052 in
1281 2023 1458 2055 miserant
1474 2031 1566 2054 ver-

98 2068 224 2101 steckt
250 2068 359 2113 licgt.
386 2087 430 2092 —-
458 2081 525 2102 esse
552 2069 771 2109 Ficlviaster,
798 2067 820 2102 i.
849 2079 879 2100 e.
909 2067 1084 2101 imitator
1109 2067 1244 2101 Fulvii
1272 2069 1354 2103 scil.
1391 2068 1432 2101 in
1459 2079 1566 2102 men-

98 2116 242 2150 tiendO.
294 2117 392 2149 Nam
421 2115 648 2149 Philotimus
683 2127 793 2159 saepe
828 2125 900 2160 pro
927 2115 1170 2160 Pompeianis
1204 2117 1376 2160 partibus
1402 2117 1566 2150 mentiri

98 2164 254 2204 solebat,
280 2169 322 2196 ut
349 2164 486 2198 Cicero
514 2164 595 2209 ipse
622 2164 777 2208 scripsit
804 2175 860 2207 cp.
889 2165 970 2198 375.
1023 2163 1111 2205 Quis
1147 2169 1273 2197 autem
1300 2165 1349 2198 sit
1374 2165 1444 2199 ille
1469 2164 1565 2197 Ful-

97 2211 195 2253 vius,
231 2211 423 2245 incertum
460 2217 527 2246 cst.
578 2213 717 2245 Putant
751 2211 879 2245 notari
901 2211 1083 2244 Fulvium
1109 2212 1347 2245 Postumium
1376 2212 1566 2247 Caesaria-

97 2269 201 2301 num,
237 2265 274 2293 ct
301 2260 366 2302 qui
393 2261 446 2293 sic
471 2270 543 2304 pro
571 2259 742 2299 Caesare,
776 2264 817 2292 ut
845 2259 1074 2293 Philotimus
1100 2270 1172 2304 pro
1198 2261 1392 2305 Pompeio,
1428 2261 1564 2295 solitus

97 2306 146 2339 sit
181 2307 349 2340 mentiri.
386 2309 484 2341 SCH.
521 2307 766 2355 ψευδομάρτυς
800 2309 829 2341 Ι.
868 2308 932 2340 Fr.
970 2307 1140 2341 Gronov.
1177 2319 1275 2353 susp.
1313 2308 1427 2344 οὐλῶν
1461 2308 1564 2356 ἰατὴρ

96 2354 283 2389 Tunstall.
319 2375 366 2380 —
397 2359 431 2390 si
456 2358 545 2401 quid
567 2357 686 2397 habes,
713 2359 818 2389 mitte
853 2355 937 2388 Asc.
967 2358 997 2389 1.
1037 2355 1137 2389 Crat.
1177 2358 1253 2392 OR.
1288 2376 1335 2381 —
1369 2359 1411 2391 de
1435 2357 1563 2402 nachr.

92 2404 231 2483 ΙίζῖηΧὴξ(
267 2403 309 2486 38.
337 2415 394 2449 ep.
423 2404 575 2447 DLXll,
602 2408 635 2439 li.
683 2404 810 2438 Uebcr
835 2403 964 2437 diesen
991 2403 1170 2438 Caninius
1197 2404 1349 2439 Rebilus
1375 2417 1401 2440 s.
1427 2418 1475 2438 zu
1502 2416 1562 2450 ep.

153 2469 162 2483 ι
199 2477 209 2481 -
231 2473 240 2488 ,
293 2476 300 2484 .

190 2524 222 2556 1.
275 2521 593 2568 συντάγματα,
632 2523 975 2572 Ausarbeitungen,
1003 2534 1130 2569 opera.
1173 2524 1462 2573 Intelliguntur
1488 2525 1563 2559 (luo

95 2569 186 2602 libri
223 2570 552 2606 Academicorum.
595 2573 642 2608 Cf.
681 2584 739 2616 (Ἰ).
773 2574 854 2607 605.
895 2590 938 2597 —
966 2587 988 2606 τι
1014 2576 1189 2607 misc-ricc.
1207 2598 1215 2606 .
1233 2575 1423 2615 aberrare,
1458 2574 1563 2607 mein

94 2617 222 2651 mend
249 2631 313 2651 aus
340 2618 424 2651 <lem
454 2619 636 2652 Gesichtc
662 2620 935 2654 verlieren.—
959 2622 1153 2656 dammodo
1181 2634 1224 2655 ne
1249 2621 1304 2656 his
1328 2624 1458 2664 verbis,
1486 2633 1563 2656 nur

97 2665 200 2698 nicht
230 2667 347 2713 grado
372 2667 442 2698 mit
470 2666 600 2700 diesen
626 2668 806 2703 W‘orton.

187 2716 220 2748 ¹2.
275 2716 326 2749 Dc
354 2717 495 2750 Atlt‘ccz,
524 2720 672 2760 optime,
710 2716 819 2757 „dass
847 2728 883 2750 cs
910 2717 980 2751 mit
1002 2717 1134 2751 Attika
1153 2728 1192 2752 so
1212 2722 1281 2765 gut
1302 2716 1407 2765 geht,
1435 2719 1562 2752 frenet
