1795 3081
7 0 12 30 1

9 33 12 86 ἓ

10 118 13 138 ι

556 98 874 149 EPISTOLA
913 98 1107 147 DXXX.
1468 94 1566 151 2113

113 223 238 278 Quod
263 239 331 264 me
350 225 402 265 ab
424 224 502 263 hoc
521 235 719 262 maerore
740 221 934 260 recreari
954 222 1036 268 vis,
1068 222 1192 270 facis,
1222 229 1272 263 nt
1291 224 1454 264 omnia:
1487 221 1602 266 sed3

113 294 180 319 nne
202 281 309 319 mihi
334 293 417 319 non
448 277 637 317 defuisse
667 285 715 317 tu
744 278 868 316 testis
890 290 947 316 es.
1007 276 1127 315 Nihil
1146 279 1262 316 enirn
1286 278 1337 318 de
1362 293 1562 320 maerore

111 333 346 373 minuendo
378 336 587 386 scriptum
616 333 668 371 ab
697 333 784 371 ullo
814 337 894 381 est,
941 329 1055 384 quod
1092 345 1168 386 ego
1204 346 1287 371 non
1317 331 1431 373 domi
1460 341 1561 374 tuae

113 390 305 445 legerim.
337 387 421 428 Sed
437 401 605 426 ornnem
622 387 951 426 consolationem
967 387 1110 426 vincit
1125 386 1264 426 dolor.
1297 389 1412 440 Quin
1431 391 1562 429 etiam

111 446 212 493 feci,
244 444 360 497 quod
389 444 586 497 profecto
617 449 717 482 ante
747 455 813 481 me
843 454 985 489 nemo,
1018 447 1068 480 ut
1094 442 1187 495 ipse
1216 455 1284 481 me
1305 457 1383 495 per
1413 445 1561 484 literas

112 500 377 538 consolarer:
422 511 548 550 quem
579 498 743 536 librum
773 495 827 534 ad
856 502 898 536 te
933 498 1122 541 mittam,
1170 497 1207 535 si
1244 496 1561 552 descripserint

112 555 298 593 librarii.
357 554 540 593 Affirmo
583 553 665 591 tibi
708 551 873 590 nullam
915 553 1248 591 consolationem
1289 566 1377 591 esse
1417 554 1559 595 talem.

111 609 248 647 Totos
279 607 368 647 dies
399 609 562 650 scrib03
594 620 680 645 non
711 619 796 659 quo
826 606 1051 660 proficiam
1082 604 1208 660 quid3
1239 606 1314 646 sed
1345 610 1559 660 tantisper

111 663 340 716 impedior,
359 676 444 701 non
458 663 657 714 equidem
675 663 790 712 satis,
807 684 860 690 —
877 663 944 701 vis
960 662 1073 700 enim
1091 667 1285 717 urget—
1297 661 1372 700 sed
1387 664 1560 703 relaxor

112 725 253 757 tamen
278 717 332 756 ad
356 719 590 769 omniaque
615 718 750 765 nitor,
782 729 868 755 non
898 714 951 754 ad
970 718 1176 762 animum,
1207 715 1282 755 sed
1303 716 1357 755 ad
1385 718 1561 757 vultum

112 775 270 826 ipsum,
293 774 331 811 si
350 786 517 825 queam,
542 770 844 819 reficiendum3
874 771 1004 824 idque
1028 772 1190 810 faciens
1214 771 1432 811 interdum
1450 773 1560 812 mihi

112 840 294 881 peccare
310 828 479 875 videor,
498 826 719 865 interdum
737 831 994 879 peccaturus
1011 839 1118 874 esse,
1142 827 1228 865 nisi
1246 827 1412 865 faciam.
1444 825 1561 866 Soli-

111 881 214 921 tudo
238 882 400 935 aliquid
424 881 612 925 adiuvat,
638 880 714 921 sed
735 882 870 919 multo
890 883 986 934 plus
1004 881 1255 934 proficeret,
1286 884 1324 920 si
1344 888 1392 920 tu
1415 887 1561 921 tamen

112 939 358 977 interesses:
379 949 488 990 quae
505 937 613 975 mihi
626 949 711 975 una
727 948 852 974 causa
870 941 934 974 est
947 937 1047 974 hinc
1060 933 1318 975 discedendi.
1338 936 1464 987 Nam,
1478 949 1559 989 pro

110 994 248 1041 malis,
281 999 399 1031 recte
429 992 636 1031 habebat:
668 1004 928 1044 quamquam
960 992 1104 1043 ipsum
1135 990 1268 1029 doleo.
1318 990 1415 1030 Non
1446 993 1561 1030 enim

109 1049 195 1087 iam
212 1049 256 1087 in
272 1061 339 1087 me
353 1045 464 1086 idem
482 1059 572 1086 esse
587 1047 764 1100 poteris.
796 1045 1023 1085 Perierunt
1038 1046 1129 1091 illa,
1152 1058 1262 1098 quae
1276 1046 1461 1085 amabas.
1493 1045 1558 1087 De
1572 1051 1599 1091 4

1357 1133 1406 1140 ᾳ..

111 1171 394 1206 Iurisconsulti.
436 1172 494 1205 Cf.
523 1171 658 1205 Bachii
684 1171 767 1206 diss.
795 1172 841 1205 de
867 1172 952 1205 iure
976 1167 1251 1215 praediatoria
1301 1169 1402 1203 SCH.
1451 1170 1560 1204 Idem

110 1219 258 1264 Appius
284 1230 360 1252 esse
386 1220 555 1260 videtur,
583 1231 695 1263 quem
714 1219 852 1254 Cicero
877 1220 943 1259 (ad
971 1218 1087 1252 Anio.
1114 1218 1157 1261 V,
1185 1220 1248 1259 11)
1273 1217 1428 1252 nolebat
1451 1228 1559 1263 prae-

112 1270 259 1302 sectum
286 1266 329 1299 in
357 1267 537 1300 Ciliciam
565 1267 716 1301 ducere.

205 1317 238 1349 3.
284 1313 404 1358 facis,
432 1320 473 1347 ut
498 1318 639 1356 omnia,
668 1314 781 1348 daria
804 1314 984 1348 handelst
1009 1314 1091 1353 Du,
1117 1310 1193 1347 wie
1221 1313 1382 1354 immer3
1419 1310 1482 1346 das
1508 1309 1559 1349 ist

111 1374 210 1409 ganz
243 1361 389 1395 Deiner
421 1369 546 1396 steten
574 1362 921 1410 Handlungsweise
958 1362 1040 1394 und
1065 1360 1296 1408 Gesinnung·
1328 1362 1485 1407 gemass.
1513 1378 1558 1386 —

110 1414 285 1455 scriptum
310 1410 354 1442 ab
380 1412 453 1442 ullo
478 1409 781 1455 philosopho.—
800 1412 925 1450 vincit,
951 1408 1213 1455 iiberw'ailtigt,
1240 1409 1371 1442 macht
1394 1409 1559 1441 unkr‘df-

113 1458 185 1504 fig.
222 1477 268 1482 —
300 1470 367 1501 per
392 1460 538 1497 literas,
579 1457 703 1490 durch
736 1458 853 1491 einen
887 1456 997 1490 Brief
1025 1468 1073 1488 an
1108 1454 1216 1489 mich
1250 1456 1377 1490 selbst.
1429 1454 1558 1489 Wohl

113 1508 216 1539 seine
235 1505 467 1547 Consolatio,
493 1516 630 1540 wovon
658 1517 733 1538 nur
756 1505 909 1552 wenige
927 1503 1194 1538 Bruchstiicke
1219 1504 1287 1536 auf
1307 1515 1378 1536 uns
1402 1503 1558 1550 gekom-

114 1565 203 1587 men
229 1553 325 1586 sind.
355 1571 391 1578 -
423 1565 512 1594 esse,
547 1552 771 1587 vorhanden
799 1553 862 1586 sei.
903 1570 939 1576 -
971 1564 1042 1585 non
1068 1564 1136 1596 quo
1161 1550 1258 1595 prof.
1284 1551 1375 1595 quid
1406 1550 1556 1590 (hamb.

114 1602 288 1646 aliquid),
316 1599 427 1633 nicht
453 1601 507 1633 als
533 1612 649 1634 wenn
676 1600 740 1633 ich
764 1599 955 1633 wirklich
981 1599 1111 1632 Etwas
1135 1598 1197 1631 bei
1223 1599 1301 1632 mir
1327 1598 1448 1631 damit
1473 1609 1556 1631 aus·

113 1649 290 1682 richtete.
320 1666 359 1672 ——
389 1649 566 1692 impedior
599 1654 688 1682 statt
713 1648 844 1688 dolor,
880 1658 1034 1680 maeror
1059 1646 1285 1690 impeditur.
1313 1663 1355 1671 —
1384 1647 1556 1691 equidem,

112 1695 274 1730 freilich
300 1695 410 1728 nicht
438 1707 566 1742 genug
591 1695 674 1728 scil.
702 1695 908 1740 impedior.
936 1711 977 1719 --
1005 1697 1058 1728 vis
1083 1696 1176 1727 em‘m
1201 1693 1346 1727 doloris
1369 1698 1484 1742 urget.
1512 1713 1556 1719 —

114 1746 163 1778 ad
186 1746 384 1789 omniaque.
410 1743 474 1777 Sic
495 1744 570 1779 Md.
598 1754 644 1776 ex
669 1754 755 1777 mea
779 1743 913 1776 saltem
942 1742 1159 1776 collatione.
1183 1741 1282 1775 lens.
1311 1741 1413 1776 Vict.
1439 1752 1558 1787 agno-

115 1792 261 1835 scitque
296 1792 484 1825 Gesnerus
525 1792 566 1825 in
605 1790 703 1825 Thes.
739 1803 774 1825 v.
807 1794 916 1824 m'tor.
950 1800 1028 1826 om.
1062 1789 1112 1822 αᾶ
1150 1789 1281 1828 (Oxou.
1310 1792 1344 1823 1.
1369 1789 1421 1830 2.)
1461 1788 1554 1824 Cdd.

113 1839 268 1883 Malasp.
304 1845 339 1871 et
365 1838 477 1873 Bosii.
503 1839 611 1874 Rom.
638 1838 719 1873 Asc.
748 1841 778 1873 1.
806 1839 906 1872 Crat.
939 1836 1068 1870 hamb.
1098 1837 1194 1869 Boss.
1221 1834 1358 1879 Seqq.;
1403 1837 1444 1869 in
1479 1846 1555 1879 quo

115 1894 244 1920 tamen
280 1886 421 1919 merito
460 1887 623 1920 offendit
650 1887 741 1921 Ern.
782 1885 970 1918 Fuitne?:
1021 1886 1072 1918 ad
1103 1886 1293 1928 omniaque
1318 1886 1437 1917 enitor·
1471 1883 1557 1923 (ich

115 1933 244 1967 richte
270 1933 375 1966 mich
403 1945 449 1966 an
466 1935 593 1968 Allem
617 1936 780 1978 emper),
808 1938 850 1965 ut
865 1933 944 1966 Liv.
970 1934 1029 1974 21,
1056 1934 1110 1967 36.
1137 1932 1358 1978 significatu
1375 1932 1554 1976 proprioe

116 1982 266 2022 radices,
293 1982 342 2014 ad
367 1994 454 2027 quas
479 2009 485 2016 .
514 2008 523 2016 .
549 1986 735 2028 quisquam
763 1984 853 2014 eniti
873 1985 1003 2024 posset.
1057 1978 1246 2012 ORELLI.
1300 1979 1426 2012 Instar
1450 1978 1556 2020 vitis,

117 2040 230 2073 quae,
268 2035 310 2062 ut
337 2040 373 2061 se
401 2030 542 2075 erigat,
581 2029 785 2062 claviculis
811 2029 888 2060 suis
916 2028 1022 2071 quasi
1050 2027 1244 2065 manibus,
1285 2026 1474 2070 quidquid
1501 2033 1557 2059 est

117 2083 244 2117 nacta,
272 2076 555 2120 complectitur.
605 2077 683 2110 Cic.
710 2077 801 2110 Cato
829 2076 909 2117 XV,
938 2077 993 2109 52.
1024 2094 1070 2099 -
1100 2087 1172 2108 non
1198 2075 1248 2107 ad
1268 2077 1380 2107 anim.
1408 2099 1416 2107 .
1444 2101 1451 2107 .
1479 2074 1557 2117 refl-

114 2125 286 2164 cz'endum,
312 2135 372 2157 wo
392 2124 501 2158 nicht
519 2125 623 2158 mein
637 2123 821 2160 Gemisth,
847 2122 945 2156 doch
965 2124 1198 2170 wenigstens
1217 2121 1554 2167 meinelGesichts*

116 2175 210 2218 ziige
237 2172 298 2204 ein
323 2172 454 2219 wenig
477 2184 525 2205 zu
551 2172 761 2206 erheitern.
790 2170 917 2205 Ueber
943 2183 1013 2204 non
1041 2195 1049 2204 .
1076 2195 1084 2204 .
1111 2194 1119 2202 .
1145 2169 1206 2203 secl
1227 2181 1254 2202 s.
1271 2169 1405 2202 Ramh.
1425 2168 1451 2210 §.
1475 2171 1552 2203 181.

116 2212 207 2252 iiber
232 2219 282 2252 ad
305 2223 492 2264 omniaque
517 2232 543 2253 s.
562 2219 711 2253 Ramsh.
733 2221 761 2259 ξ.
784 2222 860 2256 179,
880 2219 919 2258 Β,
948 2221 980 2251 1.
1011 2237 1051 2243 -
1081 2229 1244 2262 peccare,
1272 2216 1440 2250 unrecht
1467 2217 1553 2249 dar-

116 2279 161 2299 an
188 2279 234 2298 zu
259 2266 369 2299 thun.
409 2286 447 2292 —
484 2268 663 2301 inter-dum
689 2274 816 2300 tamen
840 2271 1051 2311 peccaturus
1077 2277 1144 2299 esse
1171 2264 1270 2297 mihi
1295 2266 1451 2301 videor,
1490 2266 1554 2297 ein

116 2315 272 2347 anderes
299 2313 404 2347 Mahl
439 2315 580 2348 deucht
612 2314 734 2354 mir's,
778 2315 831 2346 als
856 2325 972 2347 wenn
1000 2313 1064 2346 ich
1091 2312 1254 2345 unrecht
1280 2311 1377 2344 thun
1404 2311 1553 2350 wiirde,

116 2373 229 2394 wenn
258 2361 347 2394 ich's
373 2362 483 2395 nicht
509 2362 624 2396 thfite.
658 2380 703 2385 —
736 2374 803 2404 pro
829 2363 954 2400 malis,
992 2361 1120 2401 „deun
1149 2362 1212 2393 fiir
1238 2361 1367 2392 meine
1395 2359 1554 2400 beiden,

114 2412 179 2442 fiir
206 2409 268 2441 ein
294 2419 332 2442 so
359 2409 547 2456 trauriges
561 2410 701 2449 Leben,
727 2410 802 2441 wie
824 2409 886 2442 das
913 2409 1097 2456 meinige,
1125 2407 1238 2441 sollte
1267 2407 1328 2439 das
1353 2406 1460 2439 wohl
1484 2411 1555 2452 gut

115 2458 204 2489 svin.
233 2456 396 2496 habebat,
424 2457 577 2492 indicat,
606 2457 707 2493 coni,
733 2456 830 2499 loco.
859 2474 901 2480 —
928 2467 1145 2501 quamquam
1169 2464 1215 2486 Ξ
1240 2453 1492 2502 gleichwohl.
1511 2471 1554 2478 —

115 2509 232 2549 ipsum
257 2505 357 2537 doleo
383 2504 463 2539 scil.
491 2504 685 2538 discedere
715 2503 739 2536 i.
768 2515 797 2537 e.
825 2503 864 2536 id
891 2504 1016 2548 ipsum
1044 2504 1176 2543 doleo,
1205 2501 1306 2545 quod
1332 2500 1426 2533 hinc
1454 2500 1555 2533 mihi

116 2551 388 2585 discedendum
416 2558 479 2591 est,
507 2553 596 2595 quia
621 2558 659 2585 te
686 2562 817 2584 carere
843 2562 1003 2594 nequeo,
1033 2551 1095 2583 cui
1117 2555 1245 2582 tamen
1269 2556 1310 2582 ut
1332 2560 1390 2579 me
1416 2559 1554 2591 appro-

116 2600 200 2631 bem
228 2610 459 2642 suavemque
478 2611 600 2632 meam
624 2597 942 2631 consuetudinem
963 2597 1134 2637 reddam,
1162 2597 1312 2644 ignoro.
1342 2594 1554 2630 GRONOV.

118 2660 151 2679 v.
179 2648 218 2680 id
241 2653 327 2680 ante
355 2649 473 2691 ipsum
504 2646 548 2679 de
574 2647 695 2692 Marg.
724 2648 825 2680 1584.
863 2652 899 2679 et
925 2646 1018 2678 Ern.
1046 2645 1235 2678 sententia
1262 2642 1442 2676 addidere
1467 2642 1554 2677 Sch.

117 2695 209 2729 λῦῃ,
237 2695 397 2727 Necesse
425 2705 499 2726 non
527 2701 618 2729 erat,
647 2694 725 2727 Cfr.
754 2694 864 2726 Hand
892 2695 941 2726 ad
968 2693 1154 2735 IVnpkens.
1180 2694 1262 2726 391.
1300 2690 1370 2724 ΟΒ.
1399 2708 1443 2714 -
1475 2692 1556 2728 illa,

119 2755 205 2787 qvae
231 2742 390 2783 amabas,
419 2742 507 2779 ioci,
532 2742 704 2782 facetiae,
732 2741 825 2774 sales
852 2746 887 2774 et
915 2740 989 2773 alia
1018 2741 1054 2772 id
1081 2751 1211 2787 genus.
1265 2738 1363 2770 Cor-r.

1173 2798 1256 2837 16*
