1795 3081
627 116 955 200 EPISTOLA⁸
979 115 1150 164 DCLI.
1489 119 1586 164 435

129 239 220 277 lent
249 250 338 277 esse
366 250 562 278 munera.
620 235 692 275 Tu
725 237 859 276 velim
896 237 1042 275 animo
1072 236 1258 288 sapienti
1288 236 1483 288 fortique
1511 238 1585 287 sis,

128 299 177 332 ut
215 299 289 332 tua
327 292 572 332 moderatio
612 298 656 331 et
691 293 886 346 gravitas
922 292 1114 331 aliorum
1152 292 1334 331 infamet
1362 292 1584 334 iniuriam,

290 379 612 457 EPISTOLA
644 405 820 454 DCLI.
892 371 1111 463 (asan.
1148 404 1281 452 x111.
1318 406 1420 465 52.)

128 496 207 533 Ser.
235 495 277 530 in
303 497 510 532 Puteolano
535 499 621 540 post
645 494 761 584 terti}
780 493 997 580 SatCunglia
1017 494 1100 528 XII.
1119 494 1202 528 Kal.
1222 495 1301 528 lan.
1325 495 1368 529 A.
1386 495 1430 531 U.
1450 495 1488 532 C.
1505 498 1586 532 709.

763 554 795 578 a.
856 567 864 575 .
945 567 952 575 .

129 604 269 637 Narrat
294 602 490 639 caesarem
517 613 537 636 a
563 613 600 636 se
619 602 787 648 hospitio
812 606 1025 646 acceptum,
1049 600 1317 647 hospitemque
1336 606 1412 636 tam
1432 613 1587 650 gravem

438 650 511 685 sibi
536 655 663 684 tamen
688 650 892 684 molestum
917 660 994 683 non
1019 651 1146 684 fuisse.
1179 653 1285 688 1—2.

634 721 812 756 CICERO
838 720 1016 756 ATTICO
1044 721 1081 756 S.

239 794 275 835 O
306 795 523 848 hospitem
560 793 671 835 mihi
711 800 801 833 tam
840 796 1046 847 gravem!
1093 788 1431 850 &sterquilinam
1490 795 1592 834 Fuit

131 851 248 889 enim
287 848 574 904 periucunde.
642 848 730 889 Sed
769 862 904 902 quum
949 849 1150 888 secundis
1190 850 1499 890 Saturnalibus
1537 849 1592 888 ad

130 906 384 959 Philippum
412 906 587 958 vesperi
615 906 823 955 venisset,
865 903 977 944 villa
1013 905 1076 943 ita
1117 906 1336 959 completa
1375 906 1593 945 militibus

131 968 210 1011 est,
239 968 290 1001 ut
317 962 395 1002 vix
423 961 686 1010 triclinium,
716 960 793 999 ubi
834 965 1096 999 coenaturus
1137 962 1230 1013 ipse
1262 960 1423 1001 Caesar
1465 967 1594 1010 esset,

131 1022 332 1055 vacaret:
363 1016 524 1069 quippe
554 1016 781 1054 hominum
812 1029 878 1056 cm
909 1029 989 1055 ωε).
1058 1014 1172 1055 Sane
1209 1029 1303 1055 sum
1335 1022 1594 1066 commotus,

133 1071 239 1123 quid
268 1073 467 1110 futurum
498 1077 609 1110 esset
638 1069 876 1123 postridie:
908 1083 958 1108 ae
987 1070 1098 1108 mihi
1126 1071 1270 1110 Barba
1293 1070 1464 1111 Cassius
1494 1071 1595 1110 sub-

132 1128 274 1165 venit:
308 1125 511 1165 custodes
540 1125 674 1165 dedit.
734 1127 887 1167 Castra
918 1126 963 1163 in
993 1138 1126 1180 agro:
1170 1127 1251 1165 vill
1310 1125 1484 1165 defensa
1516 1132 1593 1165 est.

133 1182 213 1221 Ille
251 1182 397 1220 tertiis
435 1180 746 1220 Saturnalibus
791 1179 907 1233 apud
942 1180 1193 1234 Philippum
1235 1194 1258 1220 a
1329 1181 1483 1220 horam
1511 1195 1596 1221 vn.

135 1303 262 1336 omisit
288 1305 387 1337 volui
412 1315 497 1337 cum
524 1304 597 1338 Md.
628 1306 701 1340 OR.
740 1323 788 1330 —
824 1306 996 1339 levidense
1021 1315 1068 1336 Ξ
1093 1315 1171 1338 non
1197 1304 1310 1339 valde
1338 1304 1532 1338 excultum
1561 1309 1597 1338 et

134 1352 359 1396 pretiosum,
408 1352 538 1396 quales
580 1353 704 1386 solent
755 1364 833 1386 esse
870 1357 994 1386 vestes
1037 1352 1251 1387 levidenses
1295 1352 1489 1386 crassioris
1523 1352 1597 1392 fili,

136 1399 272 1440 leicht,
301 1398 395 1446 grob
422 1400 612 1448 gewirkte
641 1400 871 1435 Gew'ander.
906 1399 940 1434 S.
970 1400 1103 1434 Isidor.
1133 1400 1265 1449 Origg.
1292 1400 1390 1441 XIX,
1414 1402 1471 1436 22.
1498 1402 1600 1434 Levi-

135 1449 262 1481 densae
297 1447 432 1488 (Md.?)
471 1448 573 1482 Vict.
600 1450 634 1483 2.
669 1451 736 1482 leci
762 1449 861 1482 dente
897 1448 938 1491 (i.
967 1460 995 1483 e.
1022 1448 1196 1493 pectine)
1235 1448 1461 1496 Pantagathi
1498 1459 1597 1492 susp.

135 1497 219 1537 lez-e,
247 1497 353 1529 denso
371 1496 455 1539 filio
481 1496 612 1530 Ursini
631 1508 728 1542 susp.
756 1496 830 1530 Sed
855 1497 947 1530 satis
967 1497 1124 1530 videtur
1139 1496 1332 1530 firmatum
1361 1507 1444 1531 voe.
1467 1500 1599 1529 aueto-

135 1543 249 1576 ritate
277 1543 429 1577 Isidori.
462 1543 536 1577 OR.
563 1562 608 1570 -
642 1549 947 1588 ipsius...mzmertz
979 1544 1066 1577 scil.
1092 1544 1278 1583 Deiotari,
1305 1555 1418 1588 quem
1445 1549 1481 1577 et
1506 1543 1598 1576 alibi

135 1596 176 1623 ut
202 1603 337 1635 parum
365 1591 565 1625 liberalem
592 1599 709 1627 notat.
747 1594 969 1627 ERNESTI.
1008 1591 1044 1626 S.
1071 1592 1117 1625 ad
1142 1591 1258 1626 Attio.
1285 1593 1330 1633 V,
1359 1594 1413 1627 17.
1440 1593 1498 1627 21.
1527 1592 1599 1633 VI,

136 1642 168 1673 1.
208 1639 304 1680 XIV,
332 1642 364 1672 1.
395 1641 450 1673 12.
478 1643 534 1674 19.
574 1641 680 1681 XVI,
707 1643 761 1676 16.
802 1640 848 1674 ad
875 1640 1012 1673 Famil.
1040 1640 1145 1681 VIII,
1173 1643 1231 1674 10.
1258 1640 1341 1682 XV,
1366 1642 1401 1675 4.
1427 1658 1475 1666 --
1510 1651 1601 1685 gra·

133 1690 242 1728 vitas,
270 1691 453 1733 gesetztes
479 1688 679 1733 Betragen.
711 1708 759 1713 —
793 1691 966 1730 aliorum,
994 1688 1320 1730 caesarianorum,
1360 1687 1517 1732 infamet
1542 1690 1600 1720 in-

135 1738 285 1774 iuriam,
321 1734 393 1767 den
418 1735 677 1771 frevelhaften
710 1736 947 1771 Uebermuth
978 1735 1153 1770 Anderer
1186 1736 1228 1769 in
1263 1736 1325 1770 ein
1359 1735 1464 1770 desto
1498 1735 1602 1783 grel-

136 1784 235 1817 leres
262 1780 379 1815 Licht
404 1787 518 1817 setze.

233 1846 266 1878 1.
317 1841 505 1887 εἷμεταμ.
540 1854 590 1876 =
624 1854 701 1877 non
737 1844 1025 1888 poenitendum.
1065 1849 1145 1878 tam
1181 1841 1349 1890 greivem!
1397 1845 1492 1878 mihi
1527 1842 1599 1888 ἅμ.

138 1890 226 1926 Seh.
264 1891 363 1924 coni.
398 1891 493 1924 Liin.
544 1889 617 1924 Sed
650 1891 806 1926 videtur
843 1892 969 1937 potius
1005 1893 1061 1926 sic
1095 1892 1326 1940 legendum:
1373 1893 1401 1927 Ο
1428 1893 1604 1936 hospitem

137 1940 313 1986 gravem!
350 1939 442 1972 mihi
466 1943 588 1972 tamen
620 1938 709 1984 ἄμ.;
749 1945 791 1972 ut
825 1940 926 1974 infra
961 1945 1036 1982 est3
1075 1941 1388 1984 ἐπισταθμίαν
1425 1942 1603 1981 odiosam,

139 1988 241 2027 mihi,
267 1988 355 2025 dixi,
380 2000 451 2020 non
477 1989 679 2021 molestam.
710 1988 900 2023 ORELLI.
933 2007 979 2013 —
1013 1990 1243 2031 periucunde,
1280 1999 1354 2021 von
1380 1988 1449 2022 der
1473 1989 1604 2021 besten

140 2036 280 2068 Lauue.
308 2052 354 2058 —
380 2036 541 2068 secundis
567 2036 769 2078 Saturnal.‚
796 2048 856 2069 am
883 2038 973 2071 2ten
998 2036 1100 2082 Tage
1127 2037 1196 2070 der
1220 2036 1474 2079 Saturnalien,
1499 2035 1605 2068 XIII.

141 2083 222 2118 Kal.
249 2083 340 2123 Iam,
368 2094 427 2115 am
453 2085 510 2117 20.
539 2083 758 2117 December.
811 2084 943 2118 Cicero
971 2083 1119 2118 schrieb
1146 2085 1224 2118 also
1252 2084 1381 2117 diesen
1403 2084 1512 2117 Brief
1533 2095 1606 2116 un-

141 2130 339 2164 mittelbar
371 2130 470 2163 nach
503 2130 629 2164 einem
663 2142 819 2179 grossen
844 2133 968 2174 Feste,
1007 2132 1071 2165 das
1107 2144 1150 2166 er
1183 2133 1325 2165 C‘zisarn
1358 2132 1440 2165 und
1472 2131 1605 2165 dessen

143 2178 308 2226 Gesolge
342 2190 389 2210 an
424 2178 498 2212 den
531 2177 776 2213 Saturnalien
816 2180 898 2227 gab.
941 2198 985 2205 —
1028 2181 1079 2213 ad
1102 2181 1145 2214 L.
1173 2180 1359 2213 Marcium
1385 2179 1607 2225 Philippum,

144 2227 214 2260 der
238 2228 309 2262 698
336 2226 481 2260 Consul
507 2238 684 2274 gewesen
717 2227 797 2261 und
824 2227 997 2261 Octavius
1024 2227 1231 2262 Stiefvater
1261 2239 1356 2268 war,
1395 2227 1458 2261 des
1486 2226 1608 2261 lulius

144 2274 274 2309 C'zisars
302 2273 675 2308 Schwestertochter
700 2276 784 2310 Atia
818 2275 925 2317 (eine
949 2276 1120 2310 Tochter
1154 2277 1223 2310 der
1249 2276 1367 2318 Iulia)
1399 2286 1470 2309 zur
1503 2276 1605 2309 Frau

143 2322 249 2356 hatte
274 2321 355 2355 und
381 2322 493 2356 einen
518 2322 699 2356 Landsitz
724 2323 874 2357 unweit
893 2325 1041 2358 Puteoli
1067 2325 1280 2367 (Pozzuoli)
1306 2323 1441 2363 besass,
1467 2323 1537 2358 der
1560 2333 1609 2356 an

145 2371 275 2404 C'a'sars
301 2370 549 2404 Puteolanum
575 2376 748 2418 grenzte.
783 2370 819 2405 S.
847 2371 892 2405 ad
917 2372 1032 2406 Attic.
1060 2372 1155 2414 XIV,
1184 2376 1240 2407 11.
1274 2389 1322 2397 —-
1356 2375 1486 2418 quippe
1512 2371 1607 2404 hom.

145 2429 199 2451 cm
224 2429 290 2458 cm,
327 2417 457 2460 „deun
484 2430 521 2453 es
546 2430 676 2452 waren
711 2419 822 2452 ihrer
855 2420 990 2454 2000.“
1041 2420 1089 2455 So
1123 2432 1228 2468 gross
1268 2420 1347 2453 also
1384 2419 1469 2453 eine
1506 2418 1609 2451 Villa

148 2466 217 2499 der
241 2466 401 2499 R‘dmer!
429 2484 476 2491 —
513 2473 722 2507 commotus,
755 2468 834 2500 mir
857 2479 940 2501 war
963 2469 1028 2501 fiir
1053 2468 1127 2502 den
1153 2467 1363 2516 folgenden
1388 2468 1470 2514 'l'ag
1495 2472 1608 2501 etwas

147 2514 281 2560 hange.
309 2532 355 2538 —
382 2526 425 2547 ac
449 2519 587 2550 tamen.
614 2520 654 2548 at
679 2516 776 2550 ΕΠ),
804 2527 903 2561 susp.
940 2536 982 2541 —
1018 2517 1140 2550 Barba
1170 2518 1325 2550 Cassius.
1368 2515 1479 2548 Hunc
1507 2516 1611 2548 inter

150 2562 348 2608 naufragia
374 2561 541 2595 Caesaris
567 2563 777 2597 amic-orum
804 2563 978 2597 nominat
1003 2564 1171 2609 Philipp.
1197 2563 1302 2596 xm.
1331 2563 1431 2596 SCH.
1462 2582 1502 2588 —
1543 2564 1611 2596 Ca·

149 2614 229 2642 stra
264 2613 303 2643 in
330 2622 422 2654 agro
446 2610 591 2655 posita3
633 2611 747 2644 naml.
774 2613 838 2644 fiir·
864 2612 926 2645 die
952 2612 1132 2646 Soldaten
1159 2613 1225 2646 auf
1246 2611 1380 2644 freiem
1408 2610 1538 2646 Felde.
1564 2629 1612 2635 —-

151 2657 313 2701 defensa.
359 2657 420 2691 Sie
447 2657 603 2692 durften
630 2659 708 2692 also
736 2659 851 2692 dahin
879 2659 989 2693 nicht
1016 2661 1209 2694 kommen.
1252 2676 1298 2683 —·
1335 2665 1420 2693 tert.
1449 2659 1612 2698 Satura,

152 2717 210 2738 am
238 2707 296 2739 21.
324 2704 547 2740 December.
573 2725 621 2732 -
646 2708 697 2740 ad
719 2708 846 2741 horam
864 2719 933 2742 Vn.
959 2710 1046 2745 suit.
1074 2711 1333 2742 commoratus
1361 2712 1440 2747 est3
1467 2708 1544 2741 also
1571 2706 1613 2739 in

153 2753 277 2786 dieser
302 2751 488 2786 Iahrszeit
523 2765 658 2802 weg-en
694 2754 763 2789 der
798 2755 991 2790 kiirzeren
1023 2756 1197 2791 Stunden
1232 2755 1286 2788 bis
1322 2758 1340 2790 1
1367 2755 1453 2790 Uhr
1483 2754 1614 2789 Nach-
