1795 3081
53 201 58 281 f

385 0 705 45 EPlsTOhA
740 0 984 43 DXXXII.
1021 0 1288 45 DXXXIII.
1503 3 1599 50 245

280 116 598 167 EPISTOLA
630 117 883 164 DXXXII.
954 117 1034 175 (ad
1070 116 1173 169 An.
1209 121 1318 167 XII.
1356 122 1453 180 16.)

287 192 369 227 Ser.
395 194 554 228 Asturae
581 204 710 226 mense
735 193 875 226 Martio
899 194 942 227 A.
971 195 1015 228 U.
1045 194 1084 228 C.
1112 197 1191 231 709.
1233 198 1280 238 (a.
1308 197 1349 234 C.
1375 199 1452 239 45.)

146 251 319 286 Atticum
345 264 383 286 se
410 254 515 287 nolle
542 252 679 286 scribit
704 252 749 285 ad
776 264 813 285 se
838 253 994 294 venire3
1039 259 1217 295 veretur,
1258 268 1305 290 ne
1339 256 1592 290 solitudinem

206 312 309 334 suam
335 300 534 346 Philippus
560 300 695 342 tollat;
724 300 896 380 dolloreug
924 313 1036 356 suum
1061 302 1188 335 literis
1213 315 1291 338 non
1319 304 1441 339 leniri
1468 305 1531 338 sed

759 359 780 381 ο
810 355 871 381 tur
899 359 969 381 ari.

645 407 822 441 CICERO
847 407 1027 442 ATTICO
1054 408 1090 443 S.

252 468 339 519 Te,
384 469 468 507 tuis
499 470 686 522 negotiis
723 469 908 515 relictis,
958 470 1058 507 nolo
1095 467 1148 509 ad
1189 484 1257 511 me
1286 474 1458 513 venire:
1513 484 1590 527 ego

141 525 286 577 potius
316 523 527 572 accedam,
558 526 593 562 si
624 522 787 562 diutius
817 523 1068 577 impediere.
1110 525 1199 564 Etsi
1224 539 1276 565 ne
1300 526 1589 567 discessissem

139 579 312 631 quidem
342 591 364 617 e
393 584 626 631 conspectu
654 584 746 628 tuo,
781 579 863 617 nisi
893 592 960 618 me
990 579 1118 631 plane
1149 582 1265 619 nihil
1294 582 1385 621 ulla
1415 596 1484 621 res
1514 581 1588 621 ad-

139 635 326 673 iuvaret.
387 633 510 685 Quod
539 635 576 671 si
611 640 721 673 esset
756 633 930 686 aliquod
964 635 1180 683 levamen,
1231 634 1275 674 id
1313 643 1424 676 esset
1459 640 1505 675 in
1545 642 1588 675 te

137 701 246 728 uno:
279 695 345 737 et,
377 702 512 741 quum
546 690 738 740 primum
767 689 819 727 ab
849 689 999 741 aliquo
1029 692 1188 741 poterit
1217 704 1331 741 esse,
1363 705 1386 730 a
1416 697 1458 730 te
1488 693 1585 730 erit.

136 743 269 782 Nunc
298 749 443 782 tamen
482 745 624 795 ipsum
663 745 754 782 sine
791 749 834 782 te
873 756 965 783 esse
1002 757 1084 782 non
1124 758 1315 797 possum.
1378 745 1464 785 Sed
1497 759 1584 784 nec

135 805 237 837 tuae
268 796 384 837 domi
414 798 683 850 probabatur
710 811 789 837 nec
819 811 942 837 meae
967 805 1184 849 potera1n3
1215 813 1310 848 nec,
1340 802 1375 839 si
1395 803 1583 853 propius

134 866 269 892 essem
298 854 490 905 uspiam,
531 859 674 892 tecum
702 860 844 892 tamen
875 866 1024 892 essem.
1083 853 1202 892 Idem
1231 857 1345 894 enim
1374 862 1417 895 te
1446 857 1585 907 impe-

133 906 262 956 diret,
295 921 378 960 quo
410 910 555 947 minus
584 921 753 946 mecum
783 921 910 952 esses,
943 906 1058 961 quod
1086 921 1201 948 nune
1231 911 1360 949 etiam
1384 909 1579 963 impedit.

130 961 248 1001 Mihi
278 963 418 1001 adhuc
446 964 553 1001 nihil
585 964 708 1016 prius
740 963 826 1001 fuit
852 961 929 1002 hac
961 963 1210 1002 solitudine:
1262 978 1390 1016 quam
1421 977 1583 1005 vereor

130 1031 184 1056 ne
215 1017 448 1070 Philippus
497 1018 634 1056 tollat.
704 1017 818 1058 Heri
859 1020 977 1056 enim
1022 1020 1196 1070 vesperi
1237 1025 1430 1059 venerat.
1504 1019 1580 1059 Me

129 1073 311 1125 scriptio
340 1078 383 1111 et
409 1073 562 1112 literae
591 1086 676 1119 non
706 1072 890 1121 leniunt,
921 1071 996 1111 sed
1025 1072 1284 1121 obturbant„

247 1198 564 1248 EPISTOLA
598 1199 878 1247 DXXXIII.
950 1197 1032 1256 (ad
1067 1198 1171 1248 Att.
1208 1199 1317 1246 XII.
1354 1199 1456 1257 18.)

263 1286 343 1322 Ser.
370 1287 529 1320 Asturae
555 1298 684 1321 mense
711 1287 846 1321 Martio
872 1286 917 1319 A.
944 1285 990 1319 U.
1019 1285 1059 1319 c.
1087 1289 1166 1322 709.
1210 1287 1261 1329 (a.
1290 1289 1328 1322 C.
1355 1289 1432 1329 45.)

124 1360 179 1394 De
206 1359 295 1391 fano
330 1357 371 1390 in
395 1357 585 1391 honorem
611 1356 762 1390 Tulliae
797 1358 1040 1391 exstruendo.
1070 1361 1100 1391 1.
1141 1359 1186 1391 de
1213 1358 1374 1409 epistola
1407 1359 1453 1392 ad
1478 1359 1575 1392 Bru·

126 1415 221 1441 tum.
248 1407 280 1439 2.
310 1405 354 1438 de
374 1405 593 1438 domesticis
614 1404 863 1448 quibusdam3
892 1404 938 1437 de
957 1406 1145 1448 pecuniae
1164 1406 1356 1440 solutione
1379 1406 1573 1439 aCocceio

127 1460 164 1489 et
180 1453 327 1487 Libone
352 1453 560 1497 promissa3
590 1452 633 1485 de
661 1451 905 1485 excusatione
931 1453 1031 1496 apud
1051 1453 1300 1496 Appuleium.
1328 1457 1361 1488 3.
1390 1455 1434 1487 de
1453 1455 1574 1487 Attici

124 1514 164 1536 se
191 1499 449 1538 conveniendi
475 1501 687 1543 proposito.
713 1502 747 1534 4.
776 1517 819 1524 -
847 1511 906 1543 ep.
934 1502 992 1540 18,
1019 1511 1050 1534 a.
1077 1501 1121 1533 de
1145 1501 1305 1533 Antonii
1332 1502 1508 1535 adventu.
1538 1504 1573 1535 1.

125 1550 172 1584 de
198 1560 263 1589 eo,
289 1547 390 1591 quod
412 1546 592 1581 Terentia
618 1547 660 1589 in
686 1545 995 1594 obsignaioribus
1021 1549 1241 1582 testamenti
1269 1549 1328 1581 sui
1355 1549 1571 1594 reprehen-

760 1594 873 1627 derit.
902 1595 936 1628 2.

629 1651 806 1692 CICERO
832 1653 1011 1693 ATTICO
1038 1653 1073 1687 S.

228 1715 343 1755 Dum
373 1713 696 1755 recordationes
726 1716 861 1769 fugio,
906 1728 1018 1770 quae
1055 1719 1178 1769 quasi
1207 1729 1358 1756 morsu
1386 1714 1571 1768 quodam

121 1771 314 1810 dolorem
343 1771 562 1816 efficiunt,
607 1769 777 1824 refugio
807 1783 833 1808 a
868 1776 910 1810 te
946 1770 1240 1811 admonendo:
1286 1772 1404 1824 quod
1438 1770 1571 1812 velim

216 1862 248 1892 1.
299 1860 362 1892 rel.
387 1863 525 1903 negot,
550 1858 624 1891 mit
649 1857 961 1906 Verabs'ziumung
988 1859 1134 1893 Deiner
1160 1859 1377 1894 Geschaste.
1411 1877 1453 1882 —
1492 1859 1570 1892 dize-

121 1911 215 1947 tius,
242 1918 290 1941 zu
318 1906 444 1952 lange.
472 1924 516 1930 —
541 1918 636 1939 nunc
663 1907 688 1938 i.
716 1916 746 1939 e.
772 1905 847 1939 hoc
874 1906 955 1950 ipso
985 1908 1141 1950 quidem
1168 1914 1363 1951 tempore,
1392 1913 1433 1940 ut
1458 1907 1567 1947 alibi,

123 1967 181 1989 ex.
213 1965 242 1988 c,
270 1964 324 1998 ep.
350 1956 431 1988 366.
458 1953 553 1988 SCH.
581 1972 625 1977 -—
646 1954 875 1998 probabatur
899 1954 982 1987 scil.
1012 1955 1111 1987 mihi
1139 1961 1175 1988 te
1203 1956 1422 1993 convenire,
1449 1965 1565 1998 prop-

122 2009 183 2036 ter
197 2002 348 2036 turbam
368 2001 421 2033 ibi
435 2001 764 2045 praestolantium.
794 2001 1009 2036 GRONOV.
1028 2013 1093 2043 „es
1110 2003 1243 2037 wollte
1258 2002 1335 2034 mir
1349 2001 1568 2034 inDeinem

123 2050 246 2083 Hause
274 2049 342 2081 der
368 2048 496 2081 vielen
523 2047 692 2082 Besuche
717 2060 853 2095 wegen
881 2049 994 2083 nicht
1021 2061 1120 2096 ganz
1148 2049 1341 2096 behagen;
1386 2049 1449 2081 ich
1476 2049 1568 2081 fand

121 2097 228 2130 mich
254 2095 502 2129 unbeholfen.
520 2113 561 2120 —
578 2108 641 2129 nec
662 2108 760 2131 meae
778 2101 943 2140 poteram
965 2108 1042 2129 ezaese
1069 2097 1312 2137 (ausdauern,
1340 2096 1567 2137 aushalten)‚

120 2150 284 2188 propter
322 2154 382 2176 eos
419 2144 588 2183 scilicet,
637 2144 703 2186 qui
747 2143 793 2176 ad
830 2155 890 2176 me
927 2144 1130 2177 visendum
1170 2145 1395 2178 cursitaturi
1434 2150 1567 2178 essent.

123 2190 336 2224 GRONOV.
370 2209 417 2214 —-
450 2194 565 2235 prius.
598 2190 662 2224 Sic
688 2191 821 2232 (Oxon.
851 2194 900 2230 1.)
945 2191 1052 2224 Viicr.
1081 2195 1113 2225 1.
1142 2193 1173 2226 2.
1201 2193 1282 2226 Bos.
1311 2192 1422 2235 Seqq.
1463 2195 1568 2235 peius

120 2239 198 2271 Md.
227 2241 351 2282 aptius
376 2239 493 2272 Oxon.
520 2240 553 2272 2.
581 2238 660 2272 Asc.
689 2241 720 2272 1.
749 2236 848 2272 Crat.
875 2238 1005 2272 hamb.
1034 2239 1223 2272 Fortasse:
1263 2242 1457 2284 antiquius.
1491 2240 1564 2271 OR.

120 2304 166 2310 —·
192 2286 377 2330 Philippus
404 2286 428 2321 i.
456 2298 487 2319 e.
514 2286 554 2320 L.
582 2285 749 2319 Marcius
777 2286 991 2330 Philippus„
1019 2285 1188 2319 Caesaris
1217 2287 1420 2323 familiaris
1449 2291 1486 2319 et
1512 2287 1565 2318 af-

121 2334 222 2373 finis,
250 2334 294 2366 de
321 2343 394 2376 quo
423 2345 532 2377 supra
549 2333 620 2377 Ep·
649 2336 730 2368 459.
759 2334 859 2366 SCH.
882 2352 928 2357 —
951 2335 1073 2373 tollat,
1102 2333 1305 2379 Philippus
1330 2333 1462 2368 werde
1489 2333 1566 2365 mir

121 2381 194 2413 den
221 2381 331 2413 Trost
357 2380 422 2412 der
449 2380 692 2414 Emsamkeit
718 2381 880 2421 rauben,
919 2383 1213 2415 verkiimmern.
1258 2399 1297 2406 -
1338 2386 1484 2415 venerat
1510 2381 1565 2412 im

119 2427 312 2462 Briesstiel
339 2428 403 2460 fuir
429 2429 550 2468 venit,
578 2428 661 2461 scil.
690 2427 731 2460 in
758 2428 909 2467 villain,
936 2439 1052 2470 quam
1071 2428 1208 2464 Cicero
1236 2430 1388 2462 habebat
1407 2429 1564 2461 Asturae

115 2477 349 2519 proximam.
404 2475 490 2511 Vid.
519 2475 564 2508 ad
589 2476 702 2509 Attio.
729 2475 829 2514 XIV,
859 2479 901 2509 11
930 2477 1058 2517 (om).
1098 2496 1139 2502 —
1178 2480 1326 2521 scriptio
1359 2482 1389 2509 el
1425 2478 1566 2513 literae,

113 2522 328 2555 Schreiben
355 2522 431 2554 und
457 2523 588 2559 Leseu.
627 2541 673 2547 ——
712 2525 848 2557 leniunt
882 2523 1058 2556 dolorem
1096 2536 1249 2564 meum3
1290 2526 1350 2558 sed
1374 2523 1566 2557 obtat-bant

116 2581 190 2611 ine,
216 2570 306 2604 aber
333 2579 368 2602 es
396 2569 545 2603 bet'aubt
572 2569 678 2602 mich
705 2570 952 2615 wenigstens.

212 2621 242 2652 1.
293 2615 437 2662 refugio
464 2632 486 2651 a
512 2623 545 2650 te
579 2618 740 2658 admon.,
781 2617 995 2656 „vermeid’
1029 2618 1093 2651 ich
1130 2618 1247 2660 auch,
1287 2618 1385 2652 Dich
1420 2630 1467 2651 an
1503 2619 1565 2652 das
