1795 3081
196 39 290 86 120
456 39 521 86 Μ.
558 40 608 86 Τ.
645 38 979 90 CICERONIS
1015 39 1396 89 EPISTOLAE.

197 165 262 197 set
299 158 514 210 Amyntae
554 159 682 198 filius.
737 153 805 198 ’Ὼ
846 156 1219 216 ἀπεραντολογίας
1258 155 1446 216 ἀηδοῦς]
1497 161 1654 202 Cetera

200 214 293 252 noli
322 221 477 266 putare
507 213 767 254 amabiliora
795 215 893 254 fieri
924 228 1047 267 posse
1076 216 1200 267 villa,
1231 216 1380 266 litore,
1417 223 1655 269 prospectu

200 269 336 306 maris
377 275 470 307 tum
508 267 575 306 his
616 269 746 308 rebus
785 271 999 309 omnibus.
1070 269 1157 310 Sed
1194 284 1333 322 neque
1375 270 1483 309 haec
1524 271 1656 326 digna

203 323 481 416 longiloribus
510 323 677 376 literis3
706 337 786 364 nec
817 331 927 376 erat,
958 324 1076 378 quod
1103 327 1371 374 scriberem5
1411 332 1454 365 et
1482 338 1655 365 somnus

203 391 313 434 urge
346 384 401 418 at.

344 520 662 571 EPISTOLA
699 521 968 571 CCCCLX.
1038 522 1118 582 (ad
1152 523 1255 570 Att.
1292 519 1399 569 XII.
1434 522 1533 582 10.)

326 609 405 644 Ser.
443 609 587 643 ibidem
623 608 754 643 eodem
788 621 927 699 iriense)
941 612 1057 702 AZffiU).
1084 612 1122 647 C.
1161 613 1240 648 708.
1277 610 1417 652 (Orelli
1443 613 1544 653 709.)

831 670 860 692 a.
931 683 938 692 .
1025 685 1032 692 .

210 728 378 763 Atticum
416 727 460 762 de
494 726 732 762 Athamantis
768 734 891 763 morte
932 730 1151 763 consolatur
1184 734 1221 763 et
1252 729 1402 763 Alexim
1438 740 1552 763 curae
1585 728 1675 762 eius*

813 777 1063 812 commendat.

712 847 890 881 CICERO
918 848 1094 883 ATTICO
1121 848 1156 882 S.

320 919 441 958 Male
480 918 731 958 mehercule
769 919 822 958 de
861 919 1135 959 Athamante.
1195 919 1316 959 Tuus
1355 926 1501 959 autem
1538 919 1669 959 dolor

212 975 425 1014 humanus
456 975 492 1011 is
523 973 713 1026 quidem,
745 974 820 1013 sed
850 987 1007 1030 magno
1038 987 1171 1027 opere
1199 975 1504 1015 moderandus,
1556 977 1669 1016 Con-

212 1031 480 1067 solationum
509 1035 653 1067 autem
678 1030 842 1068 multae.
871 1031 983 1080 viae,
1014 1030 1089 1068 sed
1117 1030 1196 1068 illa
1225 1032 1491 1069 rectissima:
1532 1031 1670 1083 impe-

214 1091 303 1124 tret
332 1085 462 1131 ratio,
494 1083 610 1135 quod
640 1083 730 1123 dies
769 1086 1061 1136 impetratura
1103 1091 1179 1123 est.
1256 1085 1414 1123 Alexin
1452 1098 1559 1125 vero
1596 1098 1670 1123 cu-

214 1153 376 1188 remus,
406 1140 639 1193 imaginem
670 1139 874 1187 Tironis3
907 1152 1034 1191 quem
1064 1152 1246 1194 aegrum
1274 1139 1458 1178 Romam
1493 1140 1669 1178 remisi:

216 1201 273 1244 et,
317 1196 353 1232 si
383 1192 488 1246 quId
518 1194 648 1232 habet
687 1195 814 1233 collis
845 1190 1096 1248 ἐπιδήμιον,
1127 1193 1182 1232 ad
1212 1208 1280 1232 me
1312 1208 1411 1233 cum
1437 1194 1671 1233 Tisameno

215 1251 543 1295 transferamus.
603 1248 719 1288 Tota
748 1248 900 1287 domus
931 1250 1135 1301 superior
1165 1255 1305 1299 vacat,
1344 1256 1393 1288 ut
1422 1251 1520 1289 seis.
1574 1249 1674 1288 Hoc

217 1310 323 1359 puto
362 1303 490 1352 valde
533 1302 583 1342 ad
626 1317 718 1342 rem
748 1305 985 1356 pertinere.

217 1435 264 1442 —
295 1418 477 1461 Amyntac
504 1416 620 1459 filius.
675 1417 746 1450 Per
773 1416 1078 1460 iocum—quasi
1111 1428 1238 1450 sermo
1278 1423 1372 1450 esset
1417 1417 1461 1450 de
1496 1417 1675 1461 Philippo

219 1466 404 1507 Amyntae
438 1463 534 1505 filio,
573 1464 780 1497 Alexandri
820 1466 867 1496 M.
903 1468 1011 1508 patre
1048 1483 1085 1488 —
1126 1465 1178 1497 sic
1213 1465 1388 1511 designat
1423 1465 1464 1500 L.
1492 1466 1676 1497 Marcium

220 1512 457 1555 Philippum,
497 1511 562 1554 qui
597 1512 723 1544 Asiam
764 1511 928 1545 Caesaris
970 1511 1111 1544 sororis
1148 1510 1269 1544 filiam
1309 1524 1468 1546 uxorem
1506 1513 1676 1553 (luxerat,

222 1560 367 1596 Octavii
407 1564 580 1592 matrem.
623 1560 725 1592 SCH.
777 1580 818 1583 -—
863 1557 921 1592 “52
961 1559 1090 1605 ἅπερ.
1129 1559 1249 1601 dubl,
1279 1570 1298 1592 o
1326 1560 1394 1592 der
1418 1560 1679 1594 wider-lichen

221 1607 593 1654 WVaschhaftigkeit!
623 1618 642 1639 ο
670 1607 938 1649 loquacitatem
966 1607 1187 1640 insuavem!
1218 1626 1259 1631 —-
1288 1609 1476 1640 Cetera:
1493 1613 1678 1649 ceterum,

222 1655 460 1687 Ausserdem.
489 1673 534 1678 —-
560 1656 790 1687 amabiliora.
828 1655 971 1695 „Forte
997 1654 1202 1700 legendum
1229 1659 1451 1691 amoeniora.
1499 1656 1553 1688 Ac
1579 1656 1679 1688 forte

223 1708 323 1738 totus
352 1702 454 1735 locus
481 1702 533 1734 ita
559 1702 864 1743 constituendus:
904 1703 1066 1735 Ceterum
1098 1705 1175 1735 noli
1195 1709 1329 1747 putare
1366 1705 1552 1738 amoenius
1579 1705 1681 1747 quid-

225 1763 332 1796 quam
349 1750 439 1793 fieri
465 1749 620 1796 (geben)
646 1761 746 1793 posse
773 1751 1019 1789 villa...tzcm
1045 1751 1194 1794 reliquis
1220 1764 1247 1785 r,
1277 1763 1306 1782 ο.
1341 1751 1440 1784 SCH.
1488 1751 1678 1784 ORELLI.

323 1813 354 1843 1.
405 1809 726 1847 Male...Atham.‚
762 1809 829 1842 der
855 1809 936 1842 Tod
972 1809 1034 1842 (les
1062 1808 1238 1842 Athamas
1273 1809 1360 1841 thut
1393 1811 1471 1842 mir
1495 1810 1682 1843 wirkli'ch

226 1856 314 1890 leid.
365 1857 412 1890 So
454 1869 510 1901 ep.
546 1859 615 1890 515
646 1858 744 1890 male
777 1857 821 1890 de
856 1857 956 1889 Seio.
995 1856 1127 1901 Suppl.
1166 1869 1225 1890 me
1258 1858 1371 1890 habet
1398 1858 1554 1891 nuntius
1591 1858 1684 1891 oder·

228 1904 327 1937 male,
353 1916 412 1937 me
439 1904 558 1937 habeo
585 1906 626 1937 de
651 1905 735 1938 Atlz.
773 1904 863 1937 ode
880 1916 899 1936 r
931 1904 1056 1937 animo
1083 1906 1177 1937 male
1204 1910 1256 1938 est
1283 1907 1322 1938 de
1347 1916 1395 1936 Ξ
1420 1905 1460 1937 in
1488 1905 1682 1945 Hinsicht,

227 1952 302 1985 wie
322 1953 474 1985 Terent.
503 1952 677 1986 Eunuch.
707 1953 776 1994 IV,
803 1954 836 1989 2,
864 1955 896 1986 6.
935 1951 1098 1995 Adelph.
1129 1953 1198 1993 IV,
1223 1955 1255 1994 5,
1284 1955 1340 1987 21.
1382 1953 1499 1987 Plaut.
1528 1953 1681 1987 curcul.

229 2001 281 2036 11,
308 2003 342 2040 3,
370 2003 427 2035 33.
467 1999 644 2032 Athamas
677 2000 753 2032 fuit
778 2000 896 2032 Attici
932 2011 1061 2032 servus
1094 2000 1157 2032 vel
1188 2000 1359 2041 libertus,
1397 2011 1509 2043 quem
1536 2001 1685 2045 praeci-

228 2059 302 2092 pue
330 2048 530 2089 dilexerat,
559 2059 684 2091 nuper
709 2052 891 2080 mortuus.
909 2065 951 2071 —-
973 2050 1141 2091 impetret
1157 2072 1165 2080 .
1184 2074 1190 2080 .
1208 2073 1215 2080 .
1233 2054 1291 2082 est.
1320 2059 1435 2089 „man
1461 2051 1592 2082 r'aume
1619 2048 1686 2082 der

230 2096 421 2128 Vernunft
449 2095 524 2136 ein,
552 2095 646 2130 VVas
674 2096 734 2128 die
761 2095 844 2128 Zeit
870 2094 1070 2128 bewirken
1094 2095 1268 2128 wii1·‹le.“
1293 2115 1340 2119 —
1365 2097 1509 2130 Alexin.
1536 2095 1596 2129 Sic
1612 2096 1683 2129 Md.

229 2152 279 2174 Ξ
302 2144 444 2176 Alexim
471 2142 566 2175 Cett.
597 2144 671 2176 ΟΒ.
708 2143 833 2176 Alexis
862 2147 941 2175 erat
967 2143 1062 2175 alius
1087 2143 1209 2176 Attici
1236 2155 1379 2183 servus,
1406 2156 1425 2176 a
1453 2155 1580 2186 manu,
1609 2145 1686 2176 sor-

231 2195 326 2224 tasse
354 2201 454 2222 nunc
489 2190 660 2224 libertus.
710 2191 802 2223 Eia<
828 2191 1063 2223 mentionem
1096 2190 1186 2222 facit
1219 2203 1332 2235 supra
1368 2201 1425 2235 ep.
1461 2193 1543 2226 293.
1586 2192 1684 2225 SCH.

231 2257 277 2262 ——
303 2250 403 2282 quem
430 2250 595 2282 aegrum,
631 2248 768 2282 nempe
796 2237 958 2271 Alexim.
986 2238 1133 2270 Atticus
1161 2238 1263 2271 enim
1301 2237 1404 2271 hunc
1439 2249 1526 2271 cum
1563 2239 1687 2272 literis

233 2286 280 2318 ad
308 2286 533 2318 Ciceronem
559 2286 725 2319 miserat.
754 2305 800 2309 ———
826 2289 859 2318 si
876 2287 965 2330 quid
977 2286 1079 2318 hahet
1097 2287 1197 2318 collis
1223 2286 1406 2329 ἐπιδήμιοι)
1432 2286 1456 2318 i.
1480 2298 1508 2320 e.
1537 2287 1569 2319 si
1588 2288 1688 2319 forte

236 2334 348 2366 collis
393 2332 621 2374 Quirinalis,
670 2334 711 2365 in
753 2344 826 2376 quo
877 2338 939 2365 tua
995 2333 1147 2374 domus,
1204 2345 1305 2366 nunc
1357 2333 1495 2366 habeat
1541 2334 1689 2378 aliquid

236 2380 509 2427 contagiosum.
539 2381 634 2414 SCH.
662 2399 707 2404 —-—-
734 2383 783 2413 acl
813 2394 879 2417 me,
915 2381 1067 2413 domum
1101 2392 1223 2413 meam
1258 2382 1299 2413 in
1339 2381 1492 2414 Palatio.
1530 2400 1575 2406 —
1613 2394 1690 2415 cum

238 2428 440 2468 Tisameno,
487 2428 606 2460 Attici
634 2429 784 2461 liberto.
838 2428 900 2461 Sic
936 2428 999 2461 Cd.
1029 2428 1182 2461 Decurt.
1212 2428 1375 2461 Crusell.
1404 2429 1581 2462 Tornaes.
1609 2430 1689 2463 Bos.

237 2475 349 2519 Seqq.
376 2480 593 2508 testamento
619 2477 766 2509 Priores
801 2487 887 2508 cum
914 2475 991 2508 Md.
1018 2476 1131 2509 Oxon.
1159 2479 1192 2509 1.
1220 2478 1252 2509 2.
1293 2477 1527 2518 Thallumeto,
1564 2477 1628 2520 qui
1655 2482 1692 2510 et

238 2523 319 2567 ipse
347 2529 425 2556 erat
453 2522 571 2556 Attici
599 2535 740 2563 servus,
769 2525 862 2556 Man.
891 2535 990 2567 susp.
1022 2524 1094 2558 ΟΒ.
1121 2543 1167 2547 -
1195 2524 1472 2565 Τοΐα...ι·αεῑιΐ,
1491 2524 1553 2556 das
1572 2536 1690 2571 ganze

239 2571 352 2604 chere
379 2570 496 2604 Stock
521 2571 620 2604 steht
647 2571 738 2605 leer.
773 2576 879 2604 rarat
903 2574 1069 2616 superior
1104 2571 1175 2604 Md.
1202 2582 1221 2603 a
1246 2582 1304 2615 pr.
1333 2583 1380 2603 m.
1408 2570 1490 2604 Asc.
1517 2576 1688 2615 utraque.

242 2620 314 2652 ΟΒ.
347 2637 394 2642 ——
428 2620 503 2651 Hoc
528 2629 575 2648 Ξ
600 2618 699 2651 hanc
725 2618 982 2662 prudentiam,
1010 2618 1208 2654 Vorsieht.
1249 2638 1289 2644 -
1330 2620 1379 2651 ad
1401 2630 1475 2651 rem
1499 2623 1690 2663 pertinere,

242 2666 295 2709 als
321 2665 409 2700 sehr
433 2665 661 2700 wesentlich
687 2678 734 2698 zu
762 2666 955 2699 beachteu.
