1795 3081
192 81 291 127 360
448 79 513 124 Μ.
551 78 603 125 Τ.
641 76 984 128 CICERONIS
1019 76 1402 126 EPISTOLAE.

375 197 691 246 EPISTOLA
729 198 905 246 DCIII.
958 197 1041 257 (ad
1074 197 1176 245 Att.
1213 198 1340 246 XIII.
1377 199 1476 258 11.)

250 298 333 335 scr.
362 299 404 332 in
430 297 614 343 Arpinati
641 308 671 335 a.
702 297 735 332 d.
762 299 803 332 X.
832 298 914 334 Kal.
942 297 1045 333 Sext.
1072 297 1113 333 A.
1140 298 1187 332 U.
1213 298 1252 334 c,
1278 300 1359 334 709.
1394 299 1443 341 (a.
1462 298 1501 335 c,
1528 298 1605 342 45.)

194 371 336 417 Rogat,
374 377 419 405 ut
455 370 499 403 de
535 368 715 403 omnibus
749 369 886 410 rebus,
925 379 1017 450 (pias
1050 369 1150 403 scire
1187 381 1251 403 sua
1291 369 1470 412 intersit,
1508 370 1661 410 scribat,

871 420 946 450 l—
981 444 988 450 .

700 487 880 522 CICERO
915 488 1094 522 ATTICO
1128 486 1164 522 S.

308 556 373 602 Οὐ
403 555 561 600 ταῦιὸν
591 553 722 608 εἶδος.
782 560 1023 601 Credebam
1063 574 1155 600 esse
1196 560 1340 601 facile.
1400 560 1564 601 Totum
1600 566 1664 602 est

195 616 341 667 aliud,
382 624 665 670 posteaquam
696 630 790 655 sum
823 631 847 655 a
877 623 918 656 te
947 615 1204 656 diiunctior.
1274 614 1361 655 Sed
1390 617 1475 655 fuit
1503 618 1666 656 facien-

195 672 319 721 dum,
365 678 414 711 ut
454 677 497 710 et
536 674 849 711 constituerem
893 671 1160 711 mercedulas
1203 669 1485 725 praediorum
1530 678 1572 711 et
1611 685 1665 711 ne

194 739 403 780 magnum
458 740 568 765 onus
622 727 927 766 observantiae
978 727 1117 765 Bruto
1173 733 1321 766 nostro
1374 728 1661 780 imponerem.

196 781 378 820 Posthac
418 784 531 821 enim
569 783 810 834 poterimus
851 781 1124 821 commodius
1163 782 1308 821 colere
1348 783 1467 821 inter
1502 795 1580 821 nos
1617 783 1664 820 in

196 837 461 876 Tusculano.
521 836 618 875 Hoc
650 843 794 876 autem
826 844 1044 890 tempore,
1091 850 1225 889 quum
1260 838 1335 876 ille
1372 850 1440 876 me
1470 836 1664 889 quotidie

196 892 350 931 videre
382 892 537 940 vellet,
588 904 666 945 ego
709 890 763 930 ad
793 892 920 931 illum
950 893 1015 930 ire
1045 904 1131 930 non
1161 905 1357 944 possem,
1402 893 1666 944 privabatur

153 945 315 986 2omni
346 946 633 986 delectatione
650 946 906 986 Tusculani.
938 946 1009 985 Tu
1029 948 1180 1000 igitur,
1213 949 1249 985 si
1265 945 1458 986 Servilia
1477 948 1664 996 venerit,

196 1062 276 1095 dass
303 1062 481 1101 Marcell,
509 1061 586 1095 wie
612 1061 720 1094 §eine
748 1061 818 1093 Art
844 1071 946 1101 war,
976 1059 1059 1091 ihm
1088 1060 1154 1093 ein
1180 1060 1313 1106 wenig
1339 1072 1388 1093 zu
1416 1061 1667 1095 entschieden

197 1115 457 1156 goantwortet
485 1109 516 1143 d.
545 1109 569 1144 i,
609 1108 692 1141 ihu.
729 1109 836 1142 seine
863 1108 966 1140 Bitte
1002 1107 1065 1141 ein
1102 1109 1167 1140 fiir
1199 1108 1358 1140 allemal
1384 1109 1667 1157 abgeschlagen

196 1157 306 1191 habe.
335 1157 479 1199 „Forte
509 1160 715 1190 confitentius
742 1170 767 1189 s.
798 1158 1052 1196 czmctmztius5
1078 1156 1160 1189 scil.
1180 1156 1417 1190 tenaciorem
1431 1158 1666 1191 Marcellum

196 1206 339 1245 fuisse,
379 1216 474 1248 quae
501 1216 562 1238 res
591 1204 886 1238 exacerbaverit
912 1203 1098 1250 Magium.
1126 1204 1204 1237 Gfr.
1237 1203 1406 1238 Oudend.
1433 1205 1479 1238 ad
1504 1205 1602 1240 Suet.
1626 1216 1666 1250 p.

196 1255 253 1289 29.
293 1253 527 1286 Constantius
554 1265 686 1297 negare
724 1254 890 1285 ferrem:
937 1252 1001 1285 sed
1034 1254 1260 1284 constantius
1286 1254 1497 1296 respondere
1531 1253 1667 1287 Latine

197 1311 278 1334 non
305 1301 494 1333 dicitur.“
545 1302 660 1334 Beier
695 1302 773 1334 mss,
802 1299 984 1346 Egregie.
1028 1300 1101 1333 ΘΗ.
1138 1299 1322 1333 Valerius
1349 1301 1446 1334 Max.
1472 1300 1576 1334 Libr.
1603 1300 1665 1335 IX.

198 1349 315 1381 aliam
343 1348 455 1393 ponit
482 1350 676 1381 amentiae
704 1359 866 1386 causam,
896 1347 998 1390 quod
1019 1347 1169 1395 Magius
1195 1348 1411 1392 indignatus
1435 1348 1498 1392 sit,
1524 1349 1668 1395 aliquos

197 1399 269 1431 sibi
294 1400 496 1430 amicorum
523 1410 544 1429 α
571 1396 744 1430 Marcello
766 1394 965 1442 praeferri.
993 1394 1178 1430 MANUT.

296 1471 326 1502 1.
379 1467 435 1503 Οὐ
461 1467 622 1504 ταύῑόιν
648 1464 769 1509 εἶδος
799 1470 963 1513 φαίνεται
988 1468 1054 1502 τῶν
1079 1464 1294 1513 πραγμάτων
1319 1464 1517 1515 Πρόσωθει]
1548 1466 1667 1512 ὄντων,

198 1517 352 1562 ἔγγυθεν
379 1516 420 1550 θ)
447 1517 651 1563 ὁρωμένων,
675 1528 783 1558 „von
810 1517 937 1549 Fer-ne
965 1516 1058 1548 oder
1084 1515 1185 1548 nahe
1213 1516 1403 1562 gesehen,
1432 1517 1569 1565 zeigen
1594 1529 1667 1551 uns

200 1566 264 1598 die
291 1565 418 1612 Dinge
446 1565 559 1598 nicht
586 1565 647 1598 die
675 1563 872 1597 n'eimliche
899 1564 1084 1598 Gestalt.‘⁴
1144 1565 1218 1596 Aus
1246 1563 1333 1597 dem
1362 1564 1433 1597 lon
1460 1565 1521 1599 des
1548 1566 1668 1598 Euri-

198 1612 308 1657 pides
334 1625 370 1645 v.
397 1615 477 1647 535.
530 1614 633 1646 Haec
670 1614 816 1646 Graeca
851 1612 897 1644 de
935 1611 1146 1645 casauboni
1182 1612 1374 1645 sententia
1407 1612 1496 1646 sch.
1534 1613 1668 1655 (Liin.)

200 1660 332 1694 iunxit
371 1672 458 1693 cum
495 1660 569 1694 hac
604 1661 676 1705 Ep.
705 1659 795 1692 scil.
835 1660 876 1692 in
903 1660 980 1692 Md.
1007 1660 1089 1692 Asc.
1124 1666 1252 1703 utraq.
1282 1659 1383 1693 Crat.
1410 1661 1514 1696 Vict.
1553 1664 1587 1695 1.
1623 1662 1666 1694 in

199 1708 276 1742 hoc
321 1718 473 1751 quoque
520 1708 621 1741 libro
674 1707 956 1740 continuantur
998 1709 1080 1740 fere
1125 1707 1225 1750 Epp.
1275 1717 1419 1741 omnes.
1485 1708 1667 1742 Ceterum

200 1757 279 1795 sic,
328 1762 371 1788 ut
408 1767 512 1788 nunc
546 1756 692 1803 legitur
729 1755 770 1787 in
804 1755 942 1798 Eurip.
979 1755 1064 1788 Ione
1099 1767 1134 1787 v.
1161 1757 1242 1790 599.
1281 1755 1403 1790 Herm.
1437 1757 1519 1789 Bos.
1554 1757 1668 1800 seqq.

205 1804 398 1838 ORELLI.
437 1805 517 1836 Zur
543 1802 665 1837 Sache
690 1803 766 1849 vgl.
792 1815 848 1847 ep.
869 1805 939 1838 610
966 1803 1019 1835 im
1048 1803 1137 1836 Anf.
1165 1820 1210 1827 —
1240 1802 1360 1846 facile
1387 1816 1406 1836 a
1432 1810 1469 1837 te
1497 1803 1667 1850 diiungi,

199 1853 313 1886 ferne
354 1864 402 1884 zu
439 1853 532 1885 sein.
562 1872 602 1877 —
642 1851 861 1891 diiunctior,
902 1851 1131 1884 entfernter.
1166 1869 1212 1875 —
1253 1851 1470 1895 faciendum
1496 1851 1519 1886 i.
1548 1864 1576 1886 e.
1604 1852 1669 1885 ab-

203 1899 373 1933 eundum
408 1899 509 1932 mihi
546 1904 626 1934 erat
664 1910 682 1932 e
708 1899 941 1933 Tusculano.
973 1918 1019 1923 —
1070 1899 1218 1932 mcv-ced.
1240 1901 1392 1944 praed„
1432 1899 1494 1933 die
1532 1899 1669 1933 Pacht-

202 1947 340 1995 gelder
378 1947 533 1980 meiner
568 1947 793 1980 Meiereien.
842 1947 876 1981 S.
909 1957 964 1990 ep.
994 1946 1091 1987 DCI,
1118 1948 1150 1982 2.
1188 1967 1230 1972 -
1275 1948 1542 1989 observantiae,
1580 1948 1605 1981 i.
1635 1959 1667 1985 e.

201 1995 378 2038 quotidie
405 1995 449 2027 ad
478 2007 539 2028 me
566 1995 752 2028 veniendi
780 2006 885 2028 onus.
923 1994 1061 2027 Brutus
1088 2007 1124 2028 u.
1150 1994 1283 2029 Cicero
1310 2008 1439 2029 waren
1466 1995 1576 2029 beide
1603 1997 1672 2029 auf

203 2043 332 2076 ihrem
367 2043 609 2084 Tusculan03
653 2043 764 2076 iener
800 2043 935 2077 wollte
974 2043 1104 2076 dIesen
1139 2054 1236 2089 gern
1275 2043 1425 2090 t‘ziglich
1460 2042 1668 2086 besuchen,

201 2103 279 2126 was
315 2090 441 2125 dieser
478 2091 587 2124 nicbt
621 2091 844 2125 erwiedern
884 2090 1034 2124 konnte
1068 2090 1148 2123 und
1182 2091 1393 2126 vielleicht
1428 2102 1492 2124 aus
1519 2091 1668 2125 Politik

202 2138 316 2172 nicht
343 2138 508 2172 mochte.
561 2138 750 2172 Dennoch
778 2144 919 2172 musste
947 2149 989 2172 er
1015 2137 1099 2171 sich
1124 2138 1329 2185 genehen,
1357 2140 1436 2172 dass
1463 2150 1499 2173 es
1524 2139 1670 2173 unh'df-

201 2186 286 2219 lich
312 2187 378 2219 sei.
406 2187 464 2219 Er
489 2188 629 2221 reisete
659 2186 831 2219 desshalb
859 2186 983 2219 lieber
1009 2197 1096 2219 vom
1112 2187 1327 2221 Tusculano
1355 2188 1443 2221 fort.
1475 2187 1670 2221 Observare

201 2244 250 2266 z:
277 2234 426 2267 assidue
454 2245 541 2268 cum
571 2235 701 2278 aliquo
729 2246 808 2268 esse
834 2233 994 2267 honoris
1021 2245 1143 2267 causa.
1187 2235 1276 2270 Vid.
1306 2247 1363 2279 ep.
1391 2238 1446 2270 10.
1475 2254 1519 2259 —
1556 2238 1670 2269 colere

203 2284 304 2315 inter·
327 2294 392 2316 nes
416 2293 464 2313 z
491 2282 685 2324 invicem,
723 2294 794 2315 uns
831 2281 904 2315 mit
937 2283 1240 2329 gegenseitigem
1276 2283 1447 2317 Besuche
1482 2282 1667 2317 beehren.

203 2330 251 2365 So
280 2331 324 2363 de
351 2330 511 2363 Amicit.
539 2331 655 2369 XXII,
683 2332 748 2364 82:
777 2340 903 2373 neque
930 2330 1055 2362 solum
1084 2330 1214 2363 colent
1240 2330 1343 2364 inter
1369 2342 1407 2364 se
1434 2335 1504 2364 cet.
1526 2350 1566 2356 —
1590 2334 1670 2375 pri-

203 2379 367 2412 vahatar.
395 2379 548 2411 Mecum
578 2390 654 2410 esse
681 2378 846 2419 volebat,
875 2389 945 2410 nec
973 2378 1011 2410 id
1038 2383 1189 2421 poterat
1216 2389 1282 2411 suo
1309 2379 1522 2419 commodo,
1549 2390 1668 2422 quum

205 2427 240 2459 ei
267 2425 504 2459 veniendum
533 2432 627 2459 esset
654 2426 699 2458 ad
727 2437 809 2466 me3
856 2424 910 2458 ita
945 2425 1093 2457 nullam
1121 2425 1421 2460 delectationem
1448 2426 1621 2471 capiebat
1649 2438 1670 2461 e

204 2474 420 2508 Tusculano
448 2484 526 2506 suo.
555 2473 741 2506 MANUT.
777 2474 836 2506 An
859 2474 1127 2518 privabamur?
1165 2473 1237 2509 ΟΒ,

301 2535 333 2567 2.
386 2533 564 2573 Servilia,
601 2533 663 2566 die
689 2533 857 2568 Wittvve
884 2533 947 2566 des
973 2533 1160 2566 Lucullus
1188 2534 1268 2567 und
1295 2533 1515 2568 Schwester
1540 2532 1602 2567 des
1631 2530 1669 2573 Q.

205 2579 393 2614 Servilius
422 2581 589 2626 Caepio,
629 2592 705 2614 von
740 2580 935 2614 welchem
973 2582 1115 2615 Brutus
1148 2593 1220 2614 vor
1254 2582 1418 2616 mehren
1445 2581 1588 2615 lahren
1622 2591 1671 2612 an

207 2627 350 2663 Kindes
377 2629 477 2663 Statt
511 2639 798 2676 angenommen
833 2640 924 2665 war,
975 2628 1067 2676 Vgl.
1095 2641 1152 2673 ep.
1180 2630 1267 2669 605,
1294 2631 1328 2664 2.
1361 2649 1409 2655 -
1445 2632 1478 2663 si
1501 2630 1562 2661 ΒΓ.
1589 2627 1677 2674 quid

208 2681 328 2721 egerit
356 2677 400 2710 de
428 2677 599 2721 nuptiis,
644 2688 760 2710 wenn
790 2687 832 2710 er
869 2677 931 2710 die
965 2688 1064 2710 neue
1092 2677 1364 2724 Verm'zihlung
1388 2675 1578 2713 wirklich
1605 2687 1673 2723 ge-

209 2726 408 2760 schlossen
447 2725 541 2760 oder
576 2724 632 2758 sie
670 2723 770 2758 auch
809 2735 883 2758 nur
919 2724 1161 2760 beschlossen
1197 2725 1277 2760 hat.
1342 2725 1379 2762 S.
1407 2736 1466 2771 ep.
1492 2724 1613 2766 Doll,
1639 2727 1672 2760 3.
