1795 3081
594 46 917 100 EPISTOLA
951 47 1105 98 DXX.
1481 53 1578 101 221

113 172 294 222 literas;
334 184 468 225 quum
497 168 551 210 ad
579 183 649 210 me
677 171 877 221 veniunt,
917 171 1059 210 nullas
1099 172 1302 212 afferunt.
1359 170 1502 224 Atque
1530 171 1578 212 id

112 229 258 281 ipsum
287 229 485 267 facerent
505 225 790 272 commodius,
814 227 852 264 si
880 226 991 264 mihi
1021 226 1189 279 aliquid
1219 227 1351 280 spatii
1384 226 1440 265 ad
1463 228 1577 266 scri-

112 284 304 323 bendum
335 283 511 323 darent:
552 280 627 320 sed
657 282 842 334 petasati
870 283 1067 331 veniunt,
1099 284 1281 322 comites
1315 281 1370 321 ad
1399 288 1576 335 portam

112 346 367 392 exspectare
404 337 568 376 dicunt.
638 337 753 391 Ergo
799 338 1019 391 ignosces:
1071 337 1233 376 alteras
1276 337 1455 376 habebis
1496 338 1574 377 has

111 394 296 433 breves:
338 392 413 433 sed
443 398 644 444 exspecta
674 387 817 432 πάντα
846 389 951 446 περὶ
980 386 1166 431 πάντων.
1226 393 1317 431 Etsi
1356 392 1462 444 quid
1491 405 1573 448 ego

109 463 180 488 me
222 450 306 489 tibi
335 460 492 503 purgo,
532 460 666 499 quum
702 447 768 485 tui
811 445 865 484 ad
902 459 972 485 me
1007 447 1157 486 inanes
1194 449 1390 498 veniant,
1434 447 1489 487 ad
1527 455 1572 488 te

109 517 210 543 cum
239 504 438 557 epistolis
469 504 785 541 revertantur?
823 500 915 540 Nos
946 501 1019 540 hic
1045 523 1100 529 —
1129 508 1273 541 tamen
1304 502 1358 541 acl
1388 510 1431 542 te
1460 505 1614 548 scri-2

107 559 209 598 bam
238 557 407 611 aliquid
435 579 489 585 —
519 556 597 607 [P.]
628 556 798 595 Sullam
827 563 998 608 patrem
1027 563 1251 596 mortuum
1281 557 1570 598 habebamusx

107 616 188 653 alii
227 628 251 652 a
288 613 550 662 latronibus,
596 613 676 651 alii
716 611 936 651 cruditate
974 610 1202 651 dicebant:
1248 614 1436 665 populus
1480 626 1571 653 non

107 670 316 716 curabat3
365 668 641 706 combustum
682 669 798 706 enim
836 680 926 706 esse
967 668 1209 707 constabat.
1277 668 1376 707 Hoc
1407 676 1456 707 tu
1486 683 1568 723 pro

103 731 181 765 tua
221 724 435 776 sapientia
474 724 589 762 feres
629 735 767 775 aequo
806 723 976 761 animo:
1029 736 1291 775 quamquam
1331 720 1571 779 πρόςωπον

103 776 278 827 πόλεως
317 779 552 818 amisimus.
612 779 843 819 Caesarem
884 779 1097 830 putabant
1132 779 1316 818 moleste
1355 780 1567 830 laturum,

102 840 347 885 verentem,
395 847 448 872 ne
489 834 613 872 hasta
660 834 918 873 refrixisset.
999 833 1198 873 blindins
1240 834 1484 874 Marcellus
1523 842 1567 875 et

100 889 249 929 Attius
279 890 597 944 pigmentarius
625 888 754 928 valde
777 888 1025 945 gaudebant
1053 903 1098 928 se
1128 889 1433 930 adversarium
1463 904 1565 943 per-

101 944 278 984 didisse.
343 945 410 984 De
447 945 665 998 Hispania
703 946 809 984 novi
847 944 973 992 nihil,
1014 944 1089 984 sed
1126 946 1394 998 exspectatio
1434 946 1605 994 valde3

100 1096 220 1130 quum.
260 1085 335 1118 OR.
373 1103 421 1109 —
458 1083 499 1116 id
524 1085 644 1128 ipsum
679 1082 704 1117 i.
732 1095 763 1117 e.
795 1084 834 1119 τὸ
861 1083 992 1117 literas
1026 1084 1206 1120 scribere.
1245 1084 1399 1118 Rectius
1434 1090 1563 1119 tamen

97 1137 247 1166 vertas:
286 1132 364 1164 und
406 1131 506 1165 doch
546 1130 708 1165 wiirden
754 1131 808 1165 sie
855 1132 932 1165 mir
968 1133 1088 1165 damit
1126 1133 1238 1166 einen
1280 1132 1368 1166 sehr
1404 1144 1563 1181 grossen

98 1180 277 1214 Gefallen
303 1179 413 1221 thun,
439 1191 556 1213 wenn
581 1192 618 1212 u.
646 1191 672 1211 S.
699 1191 748 1215 W.
783 1199 831 1204 —
862 1180 1037 1224 petasati,
1071 1176 1191 1214 sehon
1223 1180 1293 1213 mit
1321 1181 1406 1214 dem
1432 1180 1562 1216 Reise-

96 1227 189 1261 hute
216 1228 308 1267 (wie
334 1227 509 1268 Merkur)
537 1229 603 1260 auf
627 1227 711 1260 dem
738 1227 859 1272 Kopfe
887 1228 921 1261 d.
941 1228 965 1261 i.
994 1228 1113 1262 sehon
1140 1228 1388 1277 reisefertig3
1413 1230 1458 1262 ad
1485 1229 1562 1263 iter

95 1275 392 1322 ingrediendum
417 1275 541 1320 parati
573 1280 609 1309 et
635 1275 821 1309 instructi.
860 1295 907 1300 —
946 1281 1091 1310 comites
1123 1287 1219 1318 suos,
1258 1276 1345 1310 ihre
1381 1277 1562 1325 Reisege-

94 1323 264 1356 fa'hrten.
302 1343 343 1349 -
384 1326 448 1357 alt.
483 1324 562 1356 hah.
597 1323 662 1356 has
694 1325 825 1365 breves,
861 1323 960 1357 auch
996 1325 1173 1358 diessmal
1207 1324 1317 1357 Wirst
1349 1325 1409 1357 Du
1446 1326 1561 1360 einen

96 1370 255 1404 kleinen
281 1370 390 1404 Brief
413 1371 603 1404 erhalten.
638 1389 685 1395 --
717 1371 861 1406 πάντα
887 1376 991 1419 περὶ
1017 1371 1194 1406 πάντων
1229 1372 1252 1405 ἰ.
1281 1383 1312 1405 e.
1340 1372 1471 1406 literas
1498 1385 1561 1406 ac-

95 1424 226 1452 curate
254 1423 291 1452 et
326 1419 478 1463 copiose
513 1419 558 1451 de
594 1418 765 1452 omnibus
799 1419 971 1463 scriptas,
1010 1420 1121 1452 dafiir
1159 1425 1322 1453 erwarte
1357 1421 1560 1456 n'achstens

92 1467 186 1500 iiber
209 1466 314 1499 Alles
342 1467 454 1499 einen
483 1466 587 1499 desto
614 1468 792 1514 grossern
818 1468 897 1500 und
923 1468 1251 1514 vollst'a'ndigeren
1277 1468 1395 1502 Brief.
1434 1469 1469 1503 S.
1499 1481 1557 1514 ep.

94 1516 175 1548 858.
204 1532 247 1538 —
274 1515 363 1546 Etsi
386 1525 434 1545 Ξ
459 1513 712 1561 gleichwth
741 1515 850 1548 doch.
881 1515 1092 1549 Correctio.
1119 1534 1164 1540 —
1195 1527 1329 1561 purgo,
1358 1518 1557 1552 entschul-

94 1561 184 1608 dige
211 1561 275 1595 ich
301 1561 405 1594 mich
431 1561 501 1595 bei.
532 1582 574 1586 —
603 1564 742 1605 inanes,
771 1563 845 1595 mit
871 1563 1005 1597 leeren
1033 1563 1206 1605 H'anden,
1235 1562 1335 1597 ohne
1361 1564 1475 1598 Brief.

186 1624 220 1657 2.
273 1621 346 1665 [R]
387 1620 448 1655 Sic
481 1620 566 1657 Sch.
603 1623 699 1656 Liin.
726 1623 774 1655 D.
803 1622 942 1656 Ceteri.
970 1623 1207 1657 Praenomen
1235 1623 1372 1657 falsum
1401 1635 1419 1657 e
1448 1625 1555 1660 liter.

89 1668 268 1714 praeced.
296 1674 435 1703 ortum.
467 1670 541 1702 ΟΒ.
578 1670 670 1704 Ueb.
698 1670 732 1705 P.
761 1670 864 1703 Sulla
890 1683 916 1703 s.
945 1670 1017 1704 den
1044 1671 1167 1718 vorig.
1196 1670 1257 1704 Br.
1285 1672 1312 1714 §.
1341 1674 1375 1706 3.
1413 1692 1451 1698 -
1489 1674 1555 1707 Iza-

91 1719 269 1758 hebamus,
294 1717 370 1751 wir
396 1717 591 1751 erhielten
616 1717 703 1752 hier
728 1718 789 1752 die
809 1718 1035 1751 Nachricht.
1063 1737 1109 1743 —
1137 1731 1158 1751 α
1178 1720 1313 1753 [atron.
1342 1731 1428 1753 eum
1454 1734 1554 1756 mor-

88 1770 193 1798 tuum
220 1777 245 1797 s·
275 1765 524 1799 interfectum
552 1777 642 1799 esse.
670 1786 713 1792 —
748 1767 931 1800 cruditate
959 1772 1152 1800 mortuum
1193 1778 1282 1801 esse.
1325 1769 1477 1802 locatur
1510 1771 1553 1804 in

89 1812 256 1846 hominis
282 1813 540 1859 voracitatem.
567 1832 613 1838 —
639 1827 710 1847 ηοη
746 1812 899 1848 curabat
924 1814 969 1847 de
995 1826 1138 1861 genere
1163 1815 1315 1857 mortis;
1356 1823 1552 1852 mortuum

88 1865 215 1894 autem
245 1871 322 1894 esse
347 1861 570 1895 laetabatur.
596 1862 775 1896 MANUT.
803 1880 847 1887 —
874 1865 1077 1896 constabat.
1105 1863 1236 1906 Itaque
1262 1863 1308 1896 de
1333 1870 1457 1898 morte
1484 1866 1553 1900 du-

87 1907 203 1940 bitari
228 1908 304 1941 iam
332 1919 410 1941 non
446 1912 606 1953 poterat.
643 1909 745 1943 SCH.
786 1911 1020 1950 combustum,
1057 1911 1232 1954 quamvis
1259 1910 1421 1954 Sullani,
1457 1925 1552 1957 quo-

88 1966 177 1988 rum
204 1968 303 1989 unus
328 1956 451 1989 fuerat
477 1956 513 1990 P.
534 1957 652 1997 Sulla,
679 1956 776 1992 olim
800 1957 847 1991 M.
867 1958 1031 1990 Marium
1058 1955 1230 1991 comburi
1256 1958 1546 2003 probffiuerant.

86 2002 312 2037 Sarcasmus.
351 2023 398 2028 —
423 2004 525 2049 feres
552 2018 664 2051 aequo
692 2009 830 2040 animo.
875 2006 1015 2039 Ironia.
1052 2003 1148 2039 Satis
1176 2006 1278 2039 enim
1307 2008 1447 2041 sciebat
1473 2021 1549 2043 non

86 2051 218 2084 dolere
253 2049 421 2085 Cassium
460 2052 538 2086 eius
575 2053 748 2088 hominis
783 2059 918 2087 morte.
952 2054 1068 2087 MAN.
1105 2072 1152 2079 ·—
1197 2052 1433 2100 πρόςωπον
1466 2056 1548 2093 πό-

85 2100 212 2139 λεως,
239 2098 436 2143 specimen
463 2098 632 2135 civitatis
659 2098 684 2134 i.
715 2113 744 2135 e.
771 2112 972 2146 personam
1009 2099 1176 2134 civitatis
1211 2100 1421 2144 illustrem,
1461 2107 1547 2141 eine

83 2146 270 2194 wichtige
297 2146 569 2192 Staatsperson.
622 2148 820 2183 Ironische
846 2149 1085 2197 Anspielung·
1117 2150 1184 2182 auf
1205 2149 1278 2183 den
1304 2148 1427 2194 Effer,
1466 2164 1546 2188 wo·

85 2194 159 2226 mit
190 2194 299 2228 Sulla
332 2194 418 2228 sich
456 2195 579 2229 durch
613 2196 879 2245 Bef‘orderung
921 2195 984 2231 (les
1019 2198 1545 2245 Versteigerungsunwesens

85 2252 150 2274 um
183 2241 307 2284 Cfisar,
343 2242 453 2276 nicht
490 2245 580 2278 aber
619 2257 683 2278 um
725 2245 799 2278 den
834 2245 950 2283 Staat‚
985 2240 1165 2278 verdient
1201 2246 1379 2292 gemacht
1424 2247 1542 2284 hatte.

87 2307 127 2314 —
155 2289 259 2322 hasta
292 2289 506 2334 refrixisset,
542 2297 585 2325 ut
618 2304 675 2337 ep.
704 2295 786 2328 519.
834 2293 909 2326 Hic
944 2293 1056 2326 eiiam
1082 2297 1208 2337 potest
1246 2294 1421 2342 intelligi
1455 2297 1542 2340 hoc,

83 2336 185 2379 quod
211 2336 316 2370 Sulla
340 2337 408 2372 ille
436 2339 607 2373 effecerit
634 2343 677 2373 in
703 2338 956 2382 auctionibus,
991 2345 1031 2373 ut
1057 2337 1183 2384 pretia
1209 2340 1398 2376 bonorum
1426 2356 1542 2392 auge-

82 2389 239 2425 rentur5
289 2396 363 2429 quo
398 2387 594 2431 pertinere
637 2388 804 2426 videtur,
844 2389 945 2432 quod
983 2388 1146 2421 Mindius
1183 2393 1221 2422 et
1257 2389 1383 2423 Attius
1418 2393 1540 2439 gavisi

81 2437 180 2472 sunt,
207 2443 323 2476 quum
351 2433 393 2466 in
430 2446 471 2467 eo
507 2447 544 2468 se
579 2435 841 2469 adversarium
878 2436 917 2468 in
952 2436 1193 2470 auctionibus
1218 2437 1428 2480 perdidisse
1456 2452 1540 2474 cre-

81 2479 226 2512 derent.
254 2481 474 2516 ERNESTI.
492 2502 538 2508 —-
553 2487 838 2529 pigmentarius,
867 2483 1064 2528 Specerei-
1090 2483 1256 2517 Farben-
1280 2483 1540 2520 Salbenh'a'nd-

80 2526 150 2560 ler.
179 2530 430 2562 adversarium
465 2530 506 2563 in
543 2532 711 2565 emendis
738 2532 1055 2576 Pompeianorum
1092 2532 1209 2565 bonis.
1252 2531 1405 2566 Solebat
1433 2537 1538 2569 enim

80 2573 119 2606 in
145 2576 319 2609 auctione
345 2576 430 2620 plus
457 2578 580 2617 liceri,
608 2590 720 2622 quam
749 2579 823 2613 illi.
861 2581 963 2613 SCH.

171 2638 203 2669 3.
255 2636 308 2669 Dc
335 2637 531 2681 Hisvania,
559 2639 623 2671 ubi
652 2639 786 2672 Caesar
810 2639 1002 2686 pugnabat
1029 2644 1162 2672 contra
1189 2638 1329 2672 liberos
1355 2640 1534 2685 pompeii,

78 2681 223 2716 cneum
259 2689 294 2717 et
321 2683 488 2719 Sextum.
525 2706 565 2710 —
606 2688 791 2721 tristiores
830 2686 1004 2734 ambigue
1043 2687 1200 2722 dictum.
1252 2687 1403 2721 Poterat
1431 2690 1533 2724 enim
