1795 3081
234 90 331 138 386
510 85 577 137 M.
613 83 667 133 T.
706 83 1048 132 CICERONIS
1085 83 1464 133 EPISTOLAE.

236 209 391 248 dimus.
436 205 522 246 Sed
551 213 696 245 tamen
728 216 808 259 ego
840 217 927 243 non
957 202 1141 257 despero
1172 205 1407 258 probatum
1437 206 1497 244 iri
1526 204 1698 246 Varro-

237 266 307 302 ni:
340 270 384 302 et
414 262 473 313 id,
504 263 711 314 quoniam
741 262 981 313 impensam
1010 261 1194 299 fecimus
1232 263 1278 299 in
1307 261 1594 311 macrocolla,
1635 264 1699 300 fa-

235 320 320 358 cile
350 319 499 371 patior
528 317 685 356 teneri.
744 314 831 354 Sed
861 316 992 354 etiam
1024 321 1155 367 atque
1185 317 1317 354 etiam
1356 315 1471 367 dico,
1515 323 1593 355 tuo
1624 330 1699 369 pe-

237 375 379 412 riculo
410 374 496 412 siet.
557 372 718 424 Quare,
762 371 799 408 si
836 369 1083 421 addubitas,
1115 369 1169 408 ad
1198 371 1384 410 Brutum
1413 379 1697 412 transeamus.

236 431 308 468 list
338 430 453 467 enim
484 429 520 466 is
551 440 724 479 quoque
754 425 1027 465 Antiochins.
1083 425 1118 465 O
1149 425 1429 467 Academiam
1459 427 1701 466 volaticam

235 491 278 523 et
308 486 375 522 sui
406 484 609 529 similem,
641 480 770 520 modo
801 481 901 530 huc,
932 479 1062 519 niodo
1094 481 1226 519 illuc!
1270 481 1371 532 Sed,
1403 495 1578 535 quaeso,
1610 484 1702 535 epi-

234 540 349 577 stola
378 552 474 577 mea
504 537 558 576 ad
588 537 840 576 Varronem
868 536 1054 576 valdene
1084 537 1167 575 tibi
1195 538 1394 590 placuit?
1438 537 1560 576 Male
1589 538 1700 575 mihi

234 597 305 644 sit,
337 595 372 631 si
402 607 595 645 unquam
626 591 863 644 quidquam
894 599 983 630 tam
1015 593 1170 631 enitar.
1220 586 1398 648 ’'Epyov.
1446 591 1503 632 At
1534 606 1614 648 ego
1645 606 1700 631 ne

234 650 395 688 Tironi
426 648 602 701 quidem
633 647 813 697 dictavi,
845 649 919 700 qui
950 654 1064 687 totas
1094 646 1309 701 περιοχὰς
1336 650 1542 702 persequi
1571 649 1700 698 solet,

235 704 310 744 sed
340 703 582 757 Spintharo
614 703 878 754 syllabatim.

242 798 1227 806 —m———m——m

236 853 353 887 schen
381 854 531 887 Giitern
560 853 648 885 eine
677 851 818 885 andere
845 851 915 885 Art
941 863 1017 885 von
1045 853 1247 892 Interesse,
1286 851 1340 885 als
1367 852 1430 886 die
1457 851 1702 894 Quaestiones

239 902 489 935 Academicae
518 901 580 934 des
609 901 758 933 Cicero.
795 917 837 923 —
881 905 1028 933 nostros
1065 900 1184 933 libros
1215 902 1416 945 probatum
1451 904 1501 934 iri
1529 901 1700 941 Varroni,

235 949 315 982 ihm
343 962 413 982 zur
439 948 737 981 Ziifriedenheit
763 947 973 994 gereichen
1000 948 1168 983 werden.
1189 967 1236 972 --
1254 954 1287 980 et
1313 950 1549 993 id...patior
1572 951 1700 989 teneri,

234 998 312 1030 und
337 1005 453 1030 wenn
482 997 544 1029 das
571 996 670 1029 auch
699 1008 773 1027 nur
800 995 1019 1043 desswegen
1045 996 1232 1044 gelingen
1259 997 1386 1037 sollte,
1423 996 1518 1030 weil
1544 996 1609 1028 ich
1637 995 1699 1029 die

234 1047 376 1078 Kosten
404 1045 471 1077 aus
493 1044 555 1076 das
586 1043 790 1089 prae-luigo
816 1045 1043 1092 Pergament
1077 1044 1188 1077 nicht
1220 1050 1373 1090 gespart
1408 1043 1518 1086 habe,
1550 1053 1589 1077 so
1615 1043 1699 1076 lass'

237 1093 300 1125 ich
327 1093 404 1125 mir
432 1093 503 1124 Das
530 1091 620 1124 sehr
645 1103 763 1139 gerne
792 1092 973 1138 gesallen.
1000 1110 1047 1117 —-
1073 1095 1111 1125 in
1137 1095 1358 1126 maci-ocella
1392 1091 1416 1126 i.
1445 1104 1475 1126 e.
1509 1092 1551 1124 in
1577 1103 1698 1125 mem-

234 1142 368 1173 branas
397 1140 561 1173 maiores
595 1145 630 1172 et
656 1140 918 1183 pretIOSiores,
955 1141 997 1172 in
1034 1140 1170 1184 quibus
1204 1141 1421 1185 exemplum
1446 1139 1700 1174 Academico·

237 1200 326 1221 rum
356 1188 525 1223 Varroni
554 1187 786 1220 destinatum
815 1187 1109 1221 describendum
1138 1189 1282 1224 curavi.
1324 1190 1424 1221 SCH.
1464 1186 1699 1234 μακροκόλλα

234 1247 308 1269 von
336 1235 464 1277 κόλλα,
501 1235 649 1281 gluten,
677 1235 769 1268 weil
797 1235 859 1268 die
886 1236 1032 1269 Bliitter
1057 1248 1275 1270 zusammen
1302 1237 1463 1284 geleimt
1488 1248 1632 1269 waren.
1661 1235 1697 1268 S.

234 1284 279 1317 ad
309 1284 422 1316 Attio.
451 1280 548 1323 XVI,
576 1287 610 1318 3.
650 1284 747 1316 Plin.
778 1284 822 1316 H.
850 1283 896 1316 N.
924 1284 1026 1325 XIII,
1055 1287 1111 1320 12.
1138 1304 1185 1310 —
1221 1288 1332 1318 etiam
1357 1291 1431 1330 atq.
1458 1287 1582 1325 etiam,
1618 1283 1701 1317 ein-

235 1332 314 1365 mal
340 1332 420 1364 und
446 1331 546 1364 noch
575 1332 1034 1373 4311111131.-Αηίἰοε-Ιιῐαε,
1062 1333 1124 1366 ein
1150 1332 1359 1380 Anh'zinger
1386 1333 1449 1366 (les
1475 1330 1699 1365 Antiochus.

233 1379 268 1413 S.
298 1391 355 1424 ep.
383 1381 465 1419 617,
495 1383 525 1413 1.
552 1398 599 1404 —-
636 1380 665 1411 0
689 1380 803 1412 Acad.
820 1382 998 1414 ...illucl
1032 1380 1122 1413 Dass
1148 1383 1260 1414 nenn’
1288 1381 1354 1413 ich
1380 1381 1479 1414 doch
1505 1380 1592 1414 eine
1619 1380 1701 1412 flat-

233 1428 414 1465 terhafte‚
457 1427 571 1459 ihren
608 1427 824 1461 Charakter
849 1427 1116 1472 behauptende
1144 1429 1366 1470 Akademie,
1400 1429 1487 1461 bald
1514 1428 1572 1466 da,
1613 1427 1701 1461 bald

235 1475 345 1508 dort!
384 1476 538 1508 locatur
564 1474 605 1506 iu
632 1475 751 1507 libros
778 1475 1041 1515 Academicos,
1070 1476 1109 1508 in
1136 1477 1271 1520 quibus
1296 1479 1426 1521 primo
1454 1477 1603 1510 volebat
1630 1476 1700 1509 Ca-

234 1525 372 1563 tulum,
403 1523 610 1556 Lucullum
639 1528 674 1555 et
704 1524 950 1557 Hortensium
978 1525 1177 1566 inducere,
1206 1525 1342 1558 deiude
1368 1525 1529 1557 Brutum
1567 1530 1604 1558 et
1630 1523 1700 1557 Ca-

234 1576 377 1612 tonem,
405 1571 480 1603 iam
508 1581 600 1603 vero
627 1571 855 1604 Varronem.
910 1572 1038 1614 Quid?
1077 1572 1177 1615 quod
1212 1573 1385 1606 nondum
1421 1578 1502 1607 erat
1536 1577 1698 1611 certum,

235 1624 363 1651 utrum
393 1619 433 1650 in
460 1619 534 1653 hoc
566 1619 800 1662 persisteret,
835 1631 883 1652 an
919 1619 964 1653 ad
998 1620 1159 1653 Brutum
1197 1621 1374 1654 rediret?
1423 1621 1467 1654 Id
1501 1624 1698 1665 comparat

235 1678 320 1699 cum
357 1667 612 1699 inconstantia
647 1667 964 1701 Academicorum
1002 1667 1336 1713 philosophorum.
1389 1668 1453 1703 Sic
1486 1670 1589 1702 enim
1622 1669 1700 1701 An-

234 1714 386 1748 tiochus
423 1726 441 1748 e
476 1714 575 1747 'nova
607 1713 648 1746 in
685 1719 854 1748 veterem
886 1716 1128 1749 Academiam
1162 1717 1452 1764 remigraverat.
1498 1716 1583 1750 Vid.
1619 1715 1696 1749 Cic.

235 1762 346 1796 Acad.
376 1765 408 1795 1.
451 1763 551 1795 SCH.
579 1781 625 1785 —-
652 1765 806 1806 epistola
833 1776 925 1804 mea,
952 1764 1076 1797 nieine
1103 1764 1520 1819 Zueignungsschrift3
1548 1769 1699 1797 nostrae

235 1810 323 1844 edit.
352 1812 433 1845 617.
461 1811 559 1844 SCH.
578 1829 625 1834 --
651 1812 782 1844 Male...
798 1817 893 1846 ‚tam
919 1815 1052 1852 enitar,
1082 1811 1147 1844 ich
1172 1813 1261 1845 will
1286 1812 1399 1845 nicht
1425 1811 1582 1845 ehrlich
1607 1815 1702 1850 sein,

234 1869 350 1891 wenn
376 1857 439 1890 ich
475 1858 512 1891 ie
548 1858 696 1891 wieder
722 1859 851 1892 Etwas
886 1860 954 1892 der
980 1860 1050 1892 Art
1087 1871 1126 1893 so
1163 1861 1334 1907 erringe.
1383 1860 1462 1893 Fiir
1496 1867 1574 1894 tam
1610 1860 1698 1893 Sch.

236 1907 332 1938 Liin.
361 1909 445 1940 tale.
469 1925 515 1930 ——
539 1905 715 1952 Ἔργον.
755 1908 806 1939 At
833 1920 908 1953 ego.
945 1907 1009 1940 Sic
1037 1907 1125 1941 Cod.
1156 1907 1300 1941 decurt.
1328 1907 1410 1941 Bos.
1439 1908 1575 1943 Graev.
1626 1908 1699 1942 Sed

235 1953 279 1986 hi
317 1955 454 1999 ἔργον
492 1954 700 1987 iunxerunt
738 1965 823 1987 cum
863 1957 1074 2002 quidquam,
1114 1956 1215 1999 quod
1253 1955 1340 1989 fieri
1376 1957 1522 2000 nequit,
1571 1956 1611 1990 Si
1648 1957 1699 1988 ita

236 2001 394 2044 scripsit
421 2000 571 2041 Cicero,
598 2014 670 2046 per
695 2014 731 2035 se
758 2002 858 2036 hanc
886 2003 1008 2036 veluti
1034 2004 1352 2037 exclamationem
1379 2004 1518 2049 posuit.
1556 2004 1702 2045 „Labo-

236 2049 383 2082 riosum
408 2061 498 2082 sane
526 2051 672 2094 opusW
700 2054 829 2084 enitar.
858 2053 959 2097 Ergo
986 2052 1086 2092 (scil.
1114 2052 1313 2096 mittatur.)
1340 2053 1391 2086 At
1415 2065 1479 2098 ego
1504 2052 1582 2086 Md.
1611 2052 1700 2086 Cod.

235 2097 416 2130 Tornaes.
445 2098 562 2131 Oxou.
591 2100 625 2132 2.
651 2098 785 2138 (Oxou.
815 2103 864 2140 1.)
890 2100 984 2132 Ball.
1012 2100 1171 2133 Hellnst.
1199 2100 1292 2133 ΕΓΗ.
1321 2101 1471 2134 Enitar.
1509 2102 1611 2146 Ergo
1637 2113 1702 2146 ego

238 2145 321 2178 Asc.
361 2149 390 2178 1.
434 2145 534 2179 Crat.
568 2149 699 2181 enitar.
751 2149 801 2181 At
832 2161 897 2193 ego
934 2149 1033 2183 Vict.
1062 2151 1094 2182 1.
1120 2150 1156 2185 2.
1196 2148 1324 2184 Lamb.
1359 2149 1509 2193 (sicque
1544 2149 1698 2182 volebat

236 2192 368 2226 Nobbe
387 2194 490 2238 Ergo
517 2193 588 2237 [].)
615 2196 750 2228 enitar.
786 2197 888 2241 Ergo
913 2209 956 2230 ne
981 2195 1085 2237 sch„
1112 2195 1179 2241 qui
1205 2201 1402 2240 praeterea
1424 2197 1701 2241 suspicabatur:

239 2244 359 2274 enitar
384 2241 554 2287 ἕργωδῶς.
582 2244 634 2276 At
656 2256 730 2288 ego·
759 2245 894 2277 Muret.
914 2248 947 2277 si
962 2258 994 2277 ze.
1017 2258 1048 2290 q.
1071 2250 1148 2278 tam
1168 2244 1285 2278 ιἠυίῒᾰ
1311 2245 1411 2287 (scil.
1438 2245 1703 2287 ,‚Minerva“.)

241 2290 314 2322 ΟΒ.
350 2289 430 2330 „Es
456 2300 537 2322 war
563 2291 627 2323 ein
654 2289 773 2324 Suick
798 2292 980 2325 Arbeit!“
1007 2312 1050 2317 —
1086 2294 1335 2339 περιοχάς,
1370 2298 1468 2327 totas
1494 2293 1702 2326 verborum

240 2336 529 2380 complexiones
557 2349 584 2370 s.
610 2339 804 2382 periodos,
847 2340 910 2373 ubi
944 2340 1059 2374 facile
1083 2346 1233 2385 poterat
1260 2341 1443 2384 quaedam
1469 2341 1584 2374 aliter
1609 2341 1704 2374 scri-

239 2384 341 2426 bere,
370 2389 482 2427 atque
510 2384 644 2419 Cicero
671 2387 858 2421 dictasset.
895 2407 941 2413 —-
977 2390 1198 2433 syllabatim,
1232 2389 1498 2433 sylbenweise‚
1537 2388 1622 2425 scil.
1661 2394 1703 2422 ut

241 2444 289 2466 ne
317 2432 463 2476 syllaba
491 2432 648 2477 quidem
676 2436 790 2468 aliter
815 2442 1039 2480 poneretur,
1067 2442 1180 2481 atque
1209 2448 1280 2484 ego
1308 2437 1458 2471 vellem.
1485 2438 1585 2470 SGH.
1612 2437 1702 2471 Also

240 2480 359 2512 damit
386 2491 422 2513 es
451 2480 487 2512 ia
521 2481 634 2515 recht
673 2482 794 2516 sehon
831 2485 911 2517 und
948 2485 1049 2519 ohne
1087 2485 1233 2519 Fehler
1271 2485 1525 2532 geschrieben
1555 2485 1700 2520 wiirde.

239 2527 333 2562 Wie
370 2528 554 2576 verlegen
599 2529 734 2564 Cicero
773 2544 837 2564 aus
872 2531 1055 2579 Achtung
1096 2535 1160 2566 fiir
1194 2532 1353 2569 Varro’s
1388 2532 1701 2568 Gelehrsamkeit

240 2575 321 2608 und
347 2587 410 2610 aus
437 2575 583 2610 Furcht
610 2588 680 2612 vor
706 2579 834 2613 seiuer
860 2580 1071 2628 Eigenheit
1097 2582 1197 2617 war!
