1795 3081
462 77 779 128 EPISTOLA
815 77 1154 130 CCCCXCVI.
1284 86 1288 91 ’
1453 82 1544 131 191

86 205 239 245 milius
268 216 381 244 unus
411 208 476 242 cst
503 215 554 242 ex
583 202 690 240 meis
720 199 1074 242 familiarissimis
1105 207 1234 256 atque
1263 201 1430 242 intimis
1459 217 1548 245 ma-

90 263 207 300 xime
245 259 532 306 necessarius,
582 255 708 295 homo
755 267 798 296 et
846 258 1013 309 magnis
1056 260 1164 297 meis
1206 258 1428 298 beneficiis
1475 259 1550 299 de..

87 318 262 356 vinctus
293 321 335 354 et
364 326 501 368 prope
530 313 740 361 omnium,
771 312 847 364 qui
876 309 982 349 mihi
1012 310 1169 352 debere
1197 310 1364 367 aliquid
1392 313 1549 353 viden-

87 378 176 421 tur,
206 371 499 424 gratissimus:
529 372 623 405 tum
652 368 789 405 multo
820 364 1053 405 iucundius
1094 374 1137 407 te
1171 382 1263 408 esse
1299 370 1344 407 in
1373 382 1443 408 me
1470 371 1548 409 tali

87 418 324 474 voluntate,
353 429 402 462 ut
430 424 526 476 plus
556 423 697 474 prosis
727 421 877 460 amicis
906 423 1029 470 meis,
1076 434 1204 475 quam
1234 437 1311 480 ego
1341 437 1547 477 praesens

89 482 274 520 sortasse
311 477 583 533 prodessem:
638 475 783 526 credo,
823 474 938 529 quod
980 480 1118 533 magis
1165 491 1242 532 ego
1281 479 1544 526 dubitarem,

87 535 195 590 quid
226 536 406 574 illorum
435 545 562 572 causa
591 532 793 577 facerem,
826 544 952 584 quam
983 536 1046 581 tu,
1074 531 1180 586 quid
1209 547 1316 574 mea.
1361 534 1447 575 Sed
1463 529 1590 576 hoc3

88 605 177 630 non
209 590 377 637 dubito,
426 589 535 640 quin
573 589 794 626 existimes
833 587 942 625 mihi
981 601 1073 627 esse
1110 594 1295 643 gratum.
1353 589 1466 630 Illud
1504 597 1548 631 te

88 659 208 699 rogo,
239 651 289 685 ut
317 644 419 683 illos
450 655 623 695 quoque
651 648 795 697 gratos
826 655 916 681 esse
945 642 1141 682 homines
1171 649 1320 697 putes:
1350 645 1465 698 quod
1485 647 1547 686 ita

88 714 178 740 esse
210 701 289 739 tibi
318 699 526 752 promitto
555 703 685 750 atque
713 697 935 736 confirmo.
994 698 1141 750 Quare
1159 699 1308 749 velim,
1335 699 1550 754 quidquid

86 754 245 795 habent
273 753 451 806 negotii,
490 752 563 792 des
593 765 786 806 operam,
823 751 939 805 quod
977 750 1199 793 commodo
1235 760 1309 794 tuo
1352 756 1443 804 fiat,
1480 761 1545 807 ut,

87 816 129 850 te
158 811 378 850 obtinente
405 808 629 856 Achaiam,
661 809 907 847 conficiant.
949 808 1038 863 Ego
1069 821 1168 848 cum
1197 816 1273 850 tuo
1291 808 1450 850 Servio
1479 807 1589 849 iu-4

86 864 353 905 cundissimo
383 864 734 902 coniunctissime
768 864 872 903 vivo
911 876 1195 918 magnamque
1231 878 1366 918 quum
1396 879 1448 905 ex
1480 868 1547 905 in-

87 922 215 976 genio
246 922 341 960 eius
371 918 672 972 singularique
706 918 869 968 studio,
905 925 998 959 tum
1034 933 1085 959 ex
1125 920 1294 961 virtute
1330 926 1372 961 et
1401 921 1549 975 probi-

87 981 175 1016 tate
204 976 473 1029 voluptatem
503 975 640 1027 capio,

173 1088 495 1139 EPISTOLA
533 1087 873 1139 CCCCXCVI.
922 1087 1005 1148 (ad
1039 1087 1153 1137 Div.
1189 1091 1323 1138 XIII.
1358 1092 1459 1151 28.)

408 1177 488 1212 Ser.
517 1176 656 1211 Romae
681 1176 724 1211 A.
751 1177 795 1213 U.
823 1176 863 1212 C.
890 1179 972 1214 708.
1010 1179 1058 1221 (a.
1087 1178 1126 1213 c.
1153 1181 1230 1221 46.)

86 1249 177 1298 Agit
203 1249 358 1298 gratias,
385 1249 488 1294 quod
506 1248 693 1282 Mescinio
714 1249 994 1284 commendatio
1020 1262 1084 1283 sua
1102 1252 1323 1295 profecerit,
1350 1257 1548 1300 rogatque,

476 1301 520 1331 ut
544 1301 680 1345 pergat
706 1297 741 1331 ei
765 1297 859 1331 bene
884 1299 1019 1334 facere.
1057 1302 1160 1335 1—3.

586 1367 766 1403 CICERO
803 1368 978 1404 SERVIO
1017 1369 1053 1405 S.

196 1441 291 1481 Etsi
318 1441 509 1481 libenter
538 1447 686 1494 petere
714 1454 740 1481 a
767 1448 810 1482 te
839 1443 970 1489 soleo,
1002 1445 1039 1483 si
1069 1442 1174 1498 quid
1202 1457 1308 1498 opus
1338 1451 1403 1484 est
1430 1457 1549 1484 meo-

87 1509 188 1535 rum
236 1497 439 1549 cuipiam,
492 1502 636 1536 tamen
684 1498 823 1536 multo
870 1499 1077 1540 libentius
1122 1501 1283 1554 gratias
1331 1500 1411 1539 tibi
1450 1513 1548 1555 ago,

88 1565 222 1604 quum
262 1552 406 1590 fecisti
444 1551 612 1604 aliquid
648 1552 1023 1594 commendatione
1062 1567 1180 1604 mea3
1225 1553 1341 1608 quod
1377 1568 1549 1608 semper

89 1608 208 1646 facis.
267 1604 534 1645 Incredibile
584 1612 648 1646 est
695 1609 826 1658 enim,
883 1621 989 1660 quas
1034 1609 1142 1649 mihi
1191 1612 1355 1665 gratias
1397 1623 1548 1650 omnes

87 1667 227 1714 agant,
275 1662 405 1700 etiam
449 1660 733 1701 mediocriter
769 1676 794 1701 a
831 1676 900 1702 me
940 1666 1024 1703 tibi
1079 1664 1391 1706 commendati:
1436 1678 1548 1719 quae

87 1717 200 1755 mihi
228 1718 376 1755 omnia
404 1722 539 1770 grata,
584 1716 659 1756 sed
690 1716 741 1757 de
769 1717 819 1757 L.
851 1717 1070 1759 Mescinio
1101 1722 1412 1775 gratissimum.
1471 1720 1547 1761 Sic

88 1772 203 1810 enim
233 1777 297 1811 est
325 1785 495 1811 mecum
525 1771 712 1822 locutus,
754 1779 812 1821 te,
853 1779 905 1813 ut
932 1788 1047 1814 meas
1077 1776 1227 1815 literas
1256 1776 1432 1830 legeris,
1462 1782 1548 1815 sta-

87 1829 167 1866 tim
196 1827 558 1879 procuratoribus
589 1829 679 1866 suis
709 1829 955 1881 pollicitum
971 1844 1063 1870 esse
1079 1832 1246 1870 omnia:
1278 1832 1418 1870 multo
1442 1844 1547 1872 vero

88 1882 219 1935 plura
258 1888 302 1921 et
337 1884 507 1922 maiora
545 1884 710 1922 fecisse.
788 1883 839 1923 Id
876 1886 1014 1940 igitur
1048 1907 1102 1914 -
1132 1892 1238 1940 puto
1270 1888 1387 1925 enim
1416 1888 1548 1927 etiam

90 2014 133 2020 —
161 1996 361 2035 devinctus,
397 2007 446 2028 an
476 1994 584 2029 mich
619 1996 808 2042 gefesselt.
844 2015 892 2021 —
926 1999 1015 2042 quid
1036 2009 1115 2032 mea
1140 1997 1219 2032 scil.
1247 2009 1356 2032 causa
1387 1999 1546 2040 faceres,

89 2043 143 2076 als
169 2043 229 2076 Du
256 2042 427 2082 dariiber,
456 2043 549 2078 Was
575 2044 635 2077 Du
661 2044 739 2076 mir
764 2056 812 2077 zu
839 2044 1018 2078 Gefallen
1044 2045 1139 2078 thun
1165 2045 1358 2080 ko'nntest.

183 2094 217 2126 3.
270 2092 365 2136 quod
388 2094 574 2125 commodo
599 2098 661 2124 tuo
680 2093 768 2135 fiat,
794 2094 924 2126 sofern
951 2105 986 2126 es
1014 2094 1083 2126 mit
1109 2094 1254 2128 Deiner
1279 2093 1547 2138 Bequemlich-

89 2138 182 2181 koit,
225 2137 326 2173 ohne
362 2139 508 2173 Deinen
541 2138 764 2181 Nachtheil,
811 2140 1028 2188 geschehen
1064 2141 1176 2176 kann.
1211 2162 1258 2167 —
1299 2148 1333 2175 te
1366 2145 1548 2176 obtinente

87 2189 280 2228 Achaiam,
307 2187 492 2221 xviihrend
517 2188 664 2222 Deiner
690 2187 1040 2222 Statthaltcrschaft
1065 2190 1160 2223 iiber
1185 2190 1341 2232 Achaia,
1380 2190 1470 2223 dum
1504 2195 1547 2223 tu

89 2247 222 2279 praees
248 2235 422 2269 Achaiae.
458 2255 503 2260 —
537 2238 742 2281 conficiant,
778 2237 967 2281 quidquid
1001 2237 1140 2271 habent
1175 2239 1334 2286 negotii,
1375 2239 1455 2272 dass
1493 2238 1547 2272 sie

89 2283 165 2315 alle
203 2281 288 2316 ihre
325 2283 452 2317 bisher
485 2289 583 2318 etwa
621 2284 721 2318 noch
765 2285 1116 2333 unausgemachten
1151 2286 1301 2321 H'a‘ndel
1342 2285 1547 2320 abmachen

91 2331 258 2364 k‘o'nnen.

184 2381 217 2413 ll.
269 2390 348 2412 cum
373 2384 436 2413 ΐιιο
463 2380 555 2414 filio.
591 2380 674 2428 Vgl.
703 2393 759 2425 ep.
787 2383 871 2423 1161,
899 2384 931 2415 4.

186 2442 217 2472 1.
268 2442 459 2473 commend.
493 2454 572 2474 mea
606 2452 655 2474 =
687 2446 848 2486 propter
890 2441 1263 2476 commendationem
1299 2454 1436 2484 meam,
1483 2443 1551 2476 auf

89 2486 216 2520 meine
243 2487 521 2536 Empfehlung.
552 2506 594 2513 --
621 2502 710 2535 quae
736 2490 828 2523 mihi
853 2492 975 2522 omnia
999 2496 1110 2535 grata
1136 2489 1158 2523 i.
1181 2502 1212 2523 e.
1238 2501 1309 2535 pro
1335 2491 1396 2524 his
1422 2491 1546 2524 omni-

89 2534 156 2567 bus
183 2541 220 2568 et
244 2546 312 2582 ago
340 2540 376 2569 et
402 2536 521 2570 habeo
555 2536 626 2569 tibi
658 2538 808 2585 gratias.
847 2555 890 2562 —
927 2539 967 2571 dc
991 2539 1033 2572 L.
1061 2540 1242 2580 Mescinio,
1276 2539 1370 2573 Was
1397 2539 1457 2571 Du
1482 2540 1546 2571 fiir

90 2582 130 2614 L.
161 2583 362 2616 Mescinius
388 2584 530 2630 gethan
557 2584 650 2618 hast.
684 2585 720 2619 S.
749 2597 805 2629 ep.
832 2587 915 2626 49³1,
944 2589 976 2620 1.
1007 2607 1046 2611 —
1075 2587 1134 2619 Sic
1159 2587 1325 2634 kiindigt
1351 2586 1424 2620 den
1451 2587 1543 2633 folg.

90 2630 261 2663 Accusat.
288 2642 318 2663 c.
347 2632 418 2665 lnf.
447 2644 504 2667 an.
532 2651 578 2656 —
603 2645 700 2666 meas
727 2635 851 2667 literas
878 2634 901 2666 i.
931 2646 961 2668 e.
990 2634 1190 2678 epistolam
1217 2638 1299 2670 494.
1337 2652 1378 2659 --
1412 2648 1546 2678 procu-

90 2684 162 2711 rat.
196 2682 282 2719 suis,
320 2679 421 2714 scine
455 2680 840 2728 Bevollm'a'chtigten.
875 2700 921 2706 —
958 2687 1068 2715 eliam
1100 2688 1208 2729 atque
1242 2686 1365 2719 etiam,
1401 2682 1544 2716 einmal

90 2726 167 2758 und
195 2726 294 2759 noch
323 2728 462 2761 einmal
497 2728 531 2762 d.
560 2728 583 2765 i.
613 2729 678 2763 ich
706 2729 809 2762 kann
838 2741 874 2764 es
900 2729 1011 2763 nicht
1038 2732 1093 2764 ost
1118 2742 1248 2780 genug
1273 2742 1402 2778 sag-en.
