1795 3081
215 100 310 147 160
551 95 617 143 Μ.
651 95 704 143 Τ.
741 94 1079 147 CICERONIS
1114 94 1497 147 EPISTOLAE.

214 233 283 260 me
311 225 407 258 tuos
436 218 674 258 conferam.
731 214 921 258 Domum
951 218 988 257 si
1016 216 1196 268 habebo,
1227 218 1274 256 in
1304 216 1436 258 denos
1466 216 1558 258 dies
1586 217 1673 257 sin·

215 276 335 330 gulos
367 275 662 327 sumptuariae
688 272 801 328 legis
832 273 922 313 dies
953 273 1187 313 conseram.
1245 271 1327 312 Siu
1356 279 1500 313 autem
1530 274 1675 313 minus

214 333 439 377 invenero,
471 326 587 381 quod
609 330 788 382 placeat,
820 327 995 368 decrevi
1013 327 1208 367 habitare
1229 327 1344 382 apud
1359 333 1420 368 te:
1450 329 1539 367 scio
1558 329 1675 368 enim

215 398 285 424 me
328 384 440 422 nihil
481 384 565 422 tibi
607 386 775 438 gratius
824 386 969 423 facere
1013 396 1152 436 posse.
1218 383 1408 423 Domum
1451 381 1677 422 Sullanam

218 439 497 492 desperabam
526 439 636 488 iam,
675 446 726 479 ut
753 439 834 477 tibi
862 439 1060 492 proxime
1088 439 1272 491 scripsi:
1314 436 1389 477 sed
1417 443 1560 477 tamen
1589 450 1677 476 non

216 494 371 533 abieci.
430 493 505 532 Tu
531 495 686 543 velim,
717 499 767 533 ut
796 495 972 539 scribis,
1005 505 1103 532 cum
1133 494 1268 532 fabris
1300 506 1392 533 eam
1420 493 1676 546 perspicias.

216 547 264 588 Si
294 550 409 587 enim
438 548 552 587 nihil
581 554 647 588 est
674 550 720 587 in
757 548 1000 603 parietibus
1030 553 1105 588 aut
1132 549 1179 588 in
1206 553 1322 589 tecto
1357 548 1483 598 vitii,
1530 552 1678 589 cetera

216 604 326 643 mihi
356 604 675 657 probabuntur.

313 764 632 816 EPISTOLA
668 759 1055 815 CCCCLXXIV.
1093 761 1173 822 (ad
1207 762 1324 813 Div.
1361 764 1444 813 IX.
1479 765 1582 826 26.)

299 855 380 891 scr.
409 855 551 888 Romae
578 864 710 887 mense
737 854 816 888 Oct.
842 853 907 887 vel
932 853 1027 888 Nov.
1054 852 1097 888 A.
1126 852 1171 886 U.
1198 852 1238 886 c,
1265 854 1347 888 708.
1374 854 1426 895 (a.
1454 852 1492 888 e.
1520 855 1598 896 46.)

220 927 364 961 Cenam
391 925 493 970 apud
515 924 772 962 Volumnium
792 922 1064 968 Eutrapelum,
1091 922 1342 958 accumbente
1364 923 1574 969 Cytheride
1597 933 1680 958 me-

384 970 387 972 ’
601 972 763 1011 retrice‚
792 971 919 1005 iocose
946 970 1143 1005 describit.
1170 973 1289 1006 1—4.

763 1041 941 1077 CICERO
968 1041 1141 1076 PAETO.

330 1115 629 1157 Accubueram
653 1114 759 1155 hora
778 1128 908 1166 nona,
938 1128 1073 1168 quum
1094 1113 1149 1154 ad
1177 1120 1221 1154 te
1248 1114 1403 1154 harum
1432 1115 1680 1170 exemplum

220 1174 268 1213 in
297 1173 507 1212 codicillis
538 1172 725 1211 exaravi.
783 1169 938 1220 Dices,
968 1168 1074 1211 ubi?
1116 1168 1247 1223 Apud
1275 1169 1564 1209 Volumnium
1593 1172 1682 1210 Eu-

223 1228 463 1281 trapelum,
508 1232 551 1266 et
587 1224 762 1279 quidem
803 1238 937 1278 supra
976 1237 1046 1263 me
1082 1221 1275 1272 Atticus,
1319 1226 1436 1264 infra
1472 1227 1681 1272 Verrius,

221 1283 462 1322 familiares
492 1281 575 1321 tui.
640 1279 827 1319 Miraris
856 1285 945 1318 tam
974 1278 1264 1319 exhilaratam
1292 1292 1385 1319 esse
1421 1281 1681 1320 servitutem

221 1344 426 1377 nostram.
486 1334 605 1388 Quid
629 1348 732 1390 ergo
763 1335 949 1374 faciam?
979 1333 1044 1373 Te
1062 1335 1250 1380 consulo,
1283 1335 1359 1386 qui
1378 1332 1681 1388 philosophum

223 1391 364 1433 audis.
421 1391 597 1445 Angar?
628 1390 932 1430 excruciemne
961 1390 1062 1427 me?
1092 1387 1210 1441 Quid
1238 1391 1473 1442 assequar?
1510 1388 1682 1431 Deinde

224 1527 378 1562 ziehen.
403 1544 450 1551 —
470 1523 624 1570 fungos,
649 1535 726 1558 von
751 1523 931 1559 welchen
953 1525 1062 1558 patus
1092 1524 1157 1558 ein
1182 1534 1334 1571 grosser
1359 1524 1574 1560 Liebhaber
1598 1537 1683 1561 war

225 1575 306 1609 und
332 1575 399 1607 auf
423 1574 540 1608 deren
559 1572 827 1619 Zubereitung·
853 1572 956 1607 seine
973 1571 1104 1605 Kb'che
1128 1572 1213 1605 sich
1239 1577 1308 1618 gut
1331 1572 1537 1607 verstehen
1564 1585 1683 1607 muss-

224 1629 300 1657 ten.
333 1640 380 1646 —-
414 1623 574 1655 Domum
599 1620 678 1654 scil.
707 1618 886 1663 Neapoli.
929 1639 970 1645 —
1009 1623 1049 1653 in
1075 1620 1181 1654 denos
1207 1620 1281 1653 dic-s
1307 1625 1400 1660 cet.‚
1438 1631 1478 1654 so
1515 1621 1681 1668 gedenk'

226 1670 294 1704 ich
319 1669 407 1703 dort
431 1668 516 1703 zeh
529 1679 582 1702 en
605 1668 708 1714 Tage
742 1677 818 1700 von
855 1667 924 1700 der
948 1666 1104 1701 Summe
1136 1679 1185 1700 zu
1224 1667 1360 1708 leben,
1409 1667 1474 1701 die
1507 1680 1579 1702 uns
1617 1670 1681 1703 das

227 1728 326 1751 neue
353 1715 694 1762 Aufwandsgesetz
729 1713 791 1747 des
828 1713 1133 1748 Sittenmeisters
1168 1714 1280 1748 C'asar
1314 1725 1361 1746 an
1399 1713 1550 1749 einem
1576 1716 1681 1765 Tage

227 1777 276 1799 zu
302 1763 515 1798 verzehren
543 1762 706 1797 erlaubt.
756 1762 812 1795 Ita
844 1772 922 1794 non
954 1762 1068 1796 modo
1095 1772 1171 1795 non
1199 1768 1331 1795 contra
1358 1761 1525 1796 Caesaris
1551 1763 1680 1812 legem

227 1812 522 1857 sumptuariam,
549 1809 612 1843 sed
639 1809 754 1841 etiam
781 1809 883 1843 intra
908 1809 1037 1857 legem
1065 1810 1259 1854 epulabor.
1310 1809 1420 1843 Tulit
1447 1821 1528 1844 eam
1544 1811 1683 1846 Caesar

226 1866 312 1905 post
349 1858 496 1893 bellum
532 1857 761 1891 Africanum
796 1857 921 1890 Dione
957 1863 1063 1890 teste.
1097 1856 1282 1891 MANUT.
1337 1857 1423 1890 Vid.
1449 1869 1508 1902 ep.
1535 1861 1606 1894 [174
1643 1866 1683 1895 et

227 1910 307 1943 593.
335 1924 379 1931 —
405 1909 570 1940 invenero
606 1904 840 1939 aedificium.
875 1923 921 1929 --
956 1905 1147 1938 Sullanam
1174 1905 1216 1938 in
1241 1903 1337 1938 urbe
1363 1904 1539 1950 Neapoli.
1580 1908 1681 1949 „Das

229 1956 332 1988 Hans
359 1954 422 1987 des
449 1952 557 1986 Sulla
584 1964 631 1985 zu
659 1951 887 1992 erhandeln⁷
923 1952 1020 1985 dazu
1044 1952 1130 1985 hab’
1156 1952 1221 1986 ich
1247 1951 1366 1985 sehon
1392 1954 1544 2001 wenige
1570 1954 1682 1988 Hoff-

228 2014 348 2048 nung.
400 1999 619 2035 Vielleicht
655 2000 704 2033 ist
735 1999 824 2033 hier
857 1999 925 2033 der
949 2000 1062 2034 Neffe
1096 2000 1160 2035 des
1183 2000 1376 2034 Dictators
1411 2001 1594 2047 gemeint.
1643 2002 1681 2036 S.

229 2051 277 2083 ad
303 2049 440 2083 Famil.
470 2047 533 2090 IX,
563 2051 618 2082 10.
646 2046 709 2087 XI,
736 2050 791 2082 17.
819 2047 865 2082 de
891 2047 999 2081 offic.
1027 2048 1079 2091 11,
1107 2050 1139 2083 8.
1189 2048 1320 2094 Vergl.
1346 2059 1395 2080 zu
1422 2059 1481 2093 ep.
1507 2051 1598 2092 450,
1634 2053 1682 2085 10

228 2098 274 2131 de
313 2097 409 2130 villa
448 2094 653 2129 Seliciana.
686 2113 733 2119 —
765 2108 836 2129 non
871 2097 998 2136 abieci,
1036 2107 1143 2139 spem
1170 2107 1234 2129 aus
1259 2097 1379 2140 desp.;
1417 2096 1500 2129 lass·
1525 2098 1590 2132 ich
1626 2098 1682 2132 sie

228 2143 330 2178 noch
345 2143 457 2177 nicht
474 2143 627 2177 fahren.
643 2161 690 2167 —
708 2155 788 2177 cum
805 2142 945 2188 fabris,
971 2142 1045 2178 mit
1056 2143 1366 2179 Zimmerleuten
1391 2145 1471 2178 und
1484 2144 1681 2183 Maurern.

226 2204 365 2238 persp„
392 2202 516 2239 genau
541 2190 791 2239 besichtigen.

324 2255 357 2286 1.
408 2250 662 2288 Accubueram,
690 2251 756 2284 ich
782 2262 854 2284 sass
880 2250 997 2299 grade
1022 2249 1085 2284 bei
1105 2249 1223 2283 Tisch
1248 2262 1314 2284 um
1340 2253 1363 2286 3
1384 2249 1683 2285 Ulia—harum

227 2298 436 2332 literarum
454 2300 600 2342 exempl.
617 2302 654 2332 in
670 2300 744 2332 cod.
761 2303 919 2341 exaravi,
944 2299 999 2331 als
1013 2297 1080 2331 ich
1095 2298 1223 2332 diesen
1234 2298 1396 2332 Briefin
1412 2298 1540 2331 meine
1554 2297 1682 2331 wach-

228 2357 338 2380 serne
359 2346 617 2380 Schreibtafel
644 2358 714 2380 zur
741 2346 1008 2393 nachherigen
1032 2344 1229 2380 Abschrift
1256 2347 1416 2380 kratzte.
1441 2364 1489 2370 —
1520 2343 1680 2382 Volumn.

227 2395 383 2438 Eutrap.
418 2393 453 2429 S.
474 2405 533 2437 ep.
551 2393 804 2429 CCCCLXXI.
831 2408 856 2427 u
883 2393 1070 2428 CCXXIX.
1096 2393 1149 2426 im
1165 2393 1353 2442 Anfange.
1380 2410 1427 2418 ———
1455 2393 1610 2427 Verrius.
1643 2393 1680 2428 S.

229 2453 287 2486 ep.
314 2444 395 2482 456,
421 2443 453 2476 2.
496 2441 713 2475 Vielleicht
739 2443 807 2476 der
834 2442 996 2477 Verrius
1022 2441 1189 2480 Flaccus,
1217 2441 1285 2475 der
1312 2442 1374 2474 des
1402 2441 1460 2474 ius
1486 2441 1680 2485 pontificii

227 2501 265 2523 so
292 2489 442 2535 kundig
475 2499 558 2523 war
583 2490 661 2522 und
696 2490 750 2523 als
778 2491 911 2523 dessen
945 2488 1255 2535 Freigelassener
1288 2490 1357 2523 der
1393 2488 1681 2522 Grammaticus

226 2537 384 2571 Verrius
406 2538 564 2570 Flaccus
580 2536 752 2571 bekannt
779 2537 838 2570 ist.
865 2556 911 2562 -
928 2536 1143 2581 familiares
1162 2539 1220 2570 tui
1244 2537 1516 2570 accubuerunt.
1539 2554 1583 2560 —
1603 2541 1681 2569 tam

226 2585 329 2618 exlzil.
350 2592 419 2619 cet.
448 2590 538 2618 statt
556 2594 623 2617 nos
642 2590 718 2617 tam
743 2584 977 2619 exhilaratos
999 2595 1076 2618 esse
1098 2585 1263 2628 potuisse
1284 2585 1323 2617 in
1339 2584 1522 2618 servitute
1538 2589 1680 2624 nostra,

227 2644 269 2665 re
287 2633 442 2677 publica
460 2631 655 2669 exstincta.
674 2632 804 2668 Lamb.
822 2634 914 2668 1596
926 2635 1150 2666 severitceiem
1164 2645 1197 2665 n.
1209 2632 1254 2664 al..
1271 2636 1495 2670 „sl-rzccfutem,
1509 2649 1552 2657 —
1564 2633 1680 2665 audis.

226 2679 283 2712 Er
306 2681 429 2714 meint
448 2680 521 2713 den
547 2679 743 2724 Epikurer
764 2681 878 2719 Dion,
906 2680 980 2714 den
1001 2680 1133 2714 Paetus
1154 2679 1215 2713 bei
1235 2680 1318 2712 sich
1342 2680 1396 2712 im
1416 2680 1541 2713 Hause
1558 2678 1680 2714 hatte.

226 2727 362 2763 Ausser
377 2728 460 2762 ihm
475 2726 545 2775 gab
562 2738 598 2761 es
614 2738 718 2763 zwar
732 2726 832 2762 noch
849 2727 1109 2773 Philosophen
1129 2727 1191 2762 des
1207 2728 1387 2769 Namens,
1402 2727 1517 2761 einen
1534 2726 1680 2761 Akade-

1766 404 1786 493 ll
