1795 3081
458 77 777 129 EPISTOLA
814 76 1127 129 DXXXVHI.
1423 77 1519 125 255

58 217 207 246 omnes
247 209 348 245 ante
386 201 591 242 dixerant
633 205 811 253 praeter
840 196 1091 238 Caesarem:
1129 204 1174 237 et
1210 210 1343 252 quum
1385 195 1522 250 ipsius

57 261 259 301 Caesaris
288 266 376 298 tam
405 270 557 296 severa
588 256 739 304 fuerit,
780 254 855 307 qui
884 260 977 293 tum
1007 255 1236 305 praetorio
1267 254 1367 292 loco
1399 252 1521 291 dixe-

58 318 135 366 rit,
179 314 479 354 consularium
523 316 648 364 putat
686 309 879 348 leniores
922 310 1068 354 fuisse,
1115 308 1276 359 Catuli,
1322 307 1521 357 Servilii,

59 372 367 418 Lucullorum,
399 368 621 415 Curionis,
653 364 889 416 Torquati,
920 363 1093 416 Lepidi,
1125 362 1276 413 Gellii,
1306 364 1520 412 Vulcatii,

59 427 219 476 Fioeuli,
251 427 419 469 Cottae,
450 424 501 462 L.
534 421 748 470 Caesaris,
780 421 825 459 O.
848 420 1032 469 Pisonis,
1064 419 1197 458 etiam
1220 418 1294 457 Μ’.
1315 418 1522 457 Glabrio-

58 459 141 533 niss',
172 480 330 530 Silani,
361 478 590 527 B‘Iurenae,
623 475 951 530 designatorum
993 474 1235 512 consulum.
1296 473 1386 513 Cur
1415 485 1523 528 ergo

60 539 105 577 in
152 536 412 575 sententiam
451 532 658 571 Catonis?
717 531 829 582 Quia
877 528 1026 569 verbis
1068 529 1439 568 luculentioribus
1480 533 1524 567 et

61 592 264 646 pluribus
304 602 398 629 rem
438 586 619 627 eandem
668 584 1075 638 comprehenderat.
1141 584 1217 623 Me
1258 590 1402 622 autem
1449 583 1523 622 hic

62 646 226 696 laudat,
258 643 375 697 quod
405 643 654 691 retulerim,
685 653 773 679 non
804 639 920 692 quod
950 640 1250 692 patefecerim,
1289 638 1406 691 quod
1449 651 1523 677 co-

60 703 264 741 hortatus
294 701 390 749 sim,
422 696 539 750 quod
569 696 756 748 denique
785 701 901 746 ante,
939 707 1066 746 quam
1097 695 1386 743 consulerem,
1431 695 1524 746 ipse

62 756 366 796 indicaverim.
426 753 546 804 Quae
580 753 728 790 omnia
767 752 869 803 quia
907 750 1014 790 Cato
1058 749 1261 788 laudibus
1303 749 1525 788 extulerat

64 814 109 851 in
142 811 312 850 caelum
342 806 742 862 perscribendaque
762 811 1006 855 censuerat,
1037 804 1205 845 idcirco
1231 806 1276 843 in
1307 806 1400 843 eius
1430 817 1525 842 sen-

66 868 249 906 tentiam
281 871 346 904 est
377 866 492 902 facta
523 862 743 901 discessio.
797 861 886 899 Hic
917 866 1061 900 autem
1090 873 1134 899 se
1165 861 1295 899 etiam
1325 860 1526 898 tribuere

64 923 251 961 multum
275 920 384 958 mihi
406 924 544 971 putat,
576 916 693 969 quod
712 916 958 968 scripserit,
989 917 1235 968 „optimum
1255 911 1525 954 consulem.“

67 977 174 1016 Ouis
205 977 321 1015 enim
351 975 541 1013 ieiunius
572 972 685 1011 dixit
714 973 951 1010 inimicus?
996 970 1062 1010 Ad
1105 977 1250 1010 cetera
1292 983 1401 1009 vero
1443 970 1527 1008 tibi

69 1019 435 1085 quemadmodum
465 1029 723 1080 rescripsit?
765 1026 956 1064 Tantum
983 1032 1126 1081 rogat,
1157 1025 1209 1065 de
1235 1032 1408 1065 senatus
1425 1038 1527 1064 eon-

66 1088 182 1126 sulto
212 1092 262 1125 ut
291 1086 503 1139 corrigas.
562 1083 662 1123 Hoc
692 1080 866 1134 quidem
897 1082 1082 1128 fecisset,
1115 1083 1248 1120 etiam
1278 1082 1314 1118 si
1338 1094 1362 1119 a
1385 1080 1528 1119 Ranio

67 1199 464 1233 Mitverschworenen
492 1198 555 1233 des
583 1198 743 1232 Catilina
770 1197 856 1230 mit
883 1196 984 1230 dem
1011 1196 1177 1230 Tode.“
1226 1196 1316 1230 Dass
1339 1196 1427 1229 Cato
1454 1207 1530 1228 zu·-

71 1252 175 1282 erst
202 1247 311 1280 dafur
337 1247 529 1295 gestimmt
555 1246 664 1288 habe,
692 1247 739 1279 ist
766 1244 863 1277 auch
891 1244 987 1277 nach
1004 1243 1157 1283 Sallust,
1186 1244 1231 1278 de
1257 1244 1292 1279 B.
1315 1244 1392 1278 Cat.
1423 1255 1455 1277 e.
1483 1245 1530 1278 116

70 1295 245 1329 unwahr.
273 1314 316 1320 -
344 1301 490 1340 praeter
517 1296 716 1335 Caesarem,
745 1293 790 1325 da
818 1292 916 1326 doch
942 1292 1028 1326 Alle
1054 1304 1078 1324 v
1095 1303 1114 1326 ο
1131 1304 1150 1325 r
1177 1292 1266 1326 Cato
1295 1293 1438 1325 dasiir
1464 1302 1530 1339 ge-

71 1344 215 1376 stimmt
247 1343 381 1376 hatten
415 1343 486 1375 mit
512 1342 727 1375 Ausnahme
761 1340 824 1374 des
852 1341 995 1381 essars,
1035 1341 1104 1374 der
1140 1340 1248 1373 nicht
1288 1341 1398 1373 dasiir
1434 1351 1528 1373 wan,

70 1391 183 1424 Denn
212 1390 301 1424 Cato
329 1391 472 1424 konnte
499 1390 551 1423 im
581 1390 716 1423 Senate
744 1389 797 1421 als
824 1388 1015 1422 Tribunus
1042 1388 1163 1433 plebis
1190 1399 1261 1421 vor
1288 1388 1371 1421 dem
1395 1389 1530 1420 Pr'ator

73 1440 186 1472 C'zisar
213 1439 324 1471 nicht
350 1438 613 1471 herstimmen.
640 1456 685 1461 -
712 1442 790 1469 tam
809 1448 928 1469 severa
942 1435 1078 1479 feeerit,
1107 1435 1151 1469 da
1179 1435 1238 1470 die
1258 1435 1532 1481 Abstimmung

75 1486 136 1519 des
181 1487 330 1529 C'fisars,
381 1486 448 1519 der
492 1487 558 1519 auf
597 1485 664 1518 der
696 1484 930 1517 Pr'zitorbank
975 1496 1070 1525 saSS,
1118 1494 1156 1518 so
1193 1489 1324 1531 streng
1357 1495 1532 1530 gewesen

75 1535 138 1567 sei.
190 1534 224 1567 Is
251 1540 391 1574 tamen,
430 1538 472 1565 ut
507 1538 562 1567 est
588 1545 644 1577 ap.
673 1532 821 1566 Sallust.
850 1543 882 1566 c.
908 1534 978 1573 47„
1015 1537 1212 1565 censuerat
1238 1534 1455 1565 coniuratos
1482 1531 1532 1563 il.-

76 1582 145 1623 los,
174 1582 240 1625 qui
269 1582 308 1614 in
334 1582 544 1614 custodiam
571 1580 703 1613 traditi
733 1585 851 1620 erant,
886 1580 1090 1624 publicatis
1116 1580 1236 1621 bonis,
1271 1591 1343 1624 per
1367 1579 1532 1611 numici»

75 1629 137 1674 pia
166 1629 205 1661 in
232 1635 417 1673 perpetua
444 1628 611 1662 custodia
647 1627 837 1662 habendos
876 1639 965 1661 esse.
1005 1629 1106 1661 SCH.
1140 1646 1187 1653 —
1221 1629 1351 1669 Silani,
1389 1627 1456 1671 qui
1489 1631 1533 1659 ut

75 1677 223 1722 primus
262 1677 396 1710 consul
435 1677 649 1724 designatus
689 1677 840 1720 primus
883 1676 1109 1709 sententiam
1157 1676 1311 1710 dixerat.
1349 1676 1448 1710 SCH.
1485 1691 1533 1700 ·--

81 1727 186 1768 Quia.
227 1726 354 1758 Davor
382 1736 460 1772 erg.
488 1723 647 1757 Senatus
674 1724 893 1757 consultum
921 1724 1033 1765 illud,
1062 1724 1107 1758 de
1133 1723 1341 1758 coniuratis
1369 1722 1532 1768 capitale

78 1773 314 1817 supplicium
340 1773 563 1806 sumendum
593 1783 682 1812 esse,
709 1771 893 1806 Cicerone
921 1773 1074 1805 consule
1101 1773 1315 1813 referente,
1353 1771 1394 1804 in
1423 1771 1533 1805 Cato-

80 1821 138 1853 nis
164 1820 303 1865 potius,
331 1833 442 1864 quam
469 1821 508 1852 in
535 1818 660 1853 Silani
687 1820 914 1853 sententiam
942 1820 1139 1853 decretum
1168 1824 1235 1861 est,
1273 1823 1360 1865 quia
1387 1824 1459 1853 cet.
1486 1836 1534 1843 -—-

80 1869 273 1912 compr-eh.⁷
298 1869 391 1902 weil
418 1880 459 1902 er
484 1868 674 1908 Dasselbe‚
700 1879 777 1901 was
805 1867 890 1900 iene
916 1872 1058 1915 sagten,
1086 1866 1325 1901 bestimmter
1348 1867 1427 1901 und
1452 1879 1535 1900 aus-

79 1915 304 1949 siihrlicher
328 1922 586 1963 vorgetragen
612 1915 730 1948 hatte.
782 1914 887 1954 Cato,
921 1920 1017 1949 teste
1051 1915 1245 1954 Sallustio,
1279 1915 1322 1948 ab
1361 1915 1535 1948 omnibus

80 1964 301 1999 consulibus
328 1964 531 2011 designatis
566 1968 602 1996 et
629 1962 900 2000 consularibus,
939 1963 1110 1995 oratione
1136 1962 1254 2004 finita,
1289 1961 1536 1996 vehementer

82 2012 317 2045 collaudatus
344 2017 435 2049 erat.
465 2013 565 2044 SCH.
598 2030 645 2035 —-
676 2011 746 2051 hic,
773 2010 813 2042 iu
840 2010 912 2043 illo
939 2015 1177 2057 syntag-mate
1206 2011 1246 2044 in
1272 2010 1426 2045 Catonis
1452 2011 1541 2043 lau-v

83 2060 169 2093 dem
197 2060 414 2104 conscripto
442 2061 571 2092 laudat
596 2060 745 2093 Brutus.
773 2077 819 2082 —
845 2060 1003 2099 retulcr„
1029 2058 1109 2091 dass
1136 2058 1199 2091 ich
1227 2059 1288 2092 die
1315 2059 1435 2092 sache
1462 2069 1535 2091 vor

84 2108 157 2141 den
182 2107 297 2140 Senat
323 2107 515 2155 gebracht.
552 2126 598 2131 —
632 2108 768 2140 cohor-t.
794 2109 862 2140 sim
894 2112 1078 2146 senatum,
1115 2106 1193 2139 dass
1220 2106 1284 2139 ich
1312 2106 1397 2139 dem
1425 2106 1537 2139 Senat

84 2155 191 2187 llluth
219 2155 534 2202 eingesprochen.
560 2174 604 2180 —-
631 2156 879 2193 iudicaverint,
906 2154 928 2187 i.
948 2166 977 2187 e.
1007 2154 1118 2197 quod,
1147 2165 1263 2198 quum
1292 2154 1338 2187 ad
1363 2161 1545 2198 senatum·

85 2203 302 2236 retulissem
330 2203 374 2236 de
405 2204 671 2236 coniuratione
698 2201 942 2246 deprehensa,
971 2213 1048 2235 non
1075 2208 1345 2246 exspectarem,
1370 2207 1413 2234 ut
1433 2202 1537 2235 dice-

86 2256 173 2283 rent
199 2256 247 2292 et,
284 2251 377 2295 quid
403 2251 471 2283 sibi
500 2251 698 2284 videretur
723 2262 801 2284 esse
827 2250 1056 2292 faciendum,
1076 2250 1342 2291 ostenderent,
1370 2250 1448 2291 sed,
1471 2262 1538 2282 an.-

87 2303 238 2340 tequam
275 2299 363 2331 illos
403 2300 656 2338 consulerem,
696 2299 718 2331 i.
748 2309 778 2331 e.
816 2298 1039 2331 sententiam
1087 2309 1276 2336 roffam-em,
1323 2298 1538 2331 censuerim

89 2346 167 2389 ipse
193 2345 238 2379 de
265 2346 475 2379 coniuratis
501 2347 734 2390 supplicium
763 2357 839 2378 esse
865 2345 1104 2379 sumendum.
1132 2328 1210 2380 {fra
1229 2347 1326 2380 Orat.
1350 2345 1538 2379 Catil.1V.

89 2394 189 2428 SCH.
217 2411 260 2418 —
287 2396 382 2427 laud.
412 2400 478 2427 ext.
506 2398 542 2427 ιή
572 2396 657 2428 cael.
695 2395 842 2426 Harum
870 2393 1023 2426 laudum
1050 2393 1088 2425 in
1107 2393 1298 2431 Oratione,
1320 2405 1431 2438 quain
1459 2392 1540 2426 Sal-

89 2441 225 2474 lustius
260 2442 392 2475 Catoni
427 2442 574 2482 tribuit,
614 2442 764 2473 nullum
799 2446 852 2474 est
887 2441 1105 2488 vestigium.
1144 2442 1244 2475 SCH.
1285 2460 1323 2466 —
1360 2443 1539 2481 discessio,

91 2489 150 2522 die
179 2489 454 2535 Abstimmung.
482 2509 527 2514 --
552 2493 663 2534 putat
687 2489 836 2521 Brutus.
869 2507 915 2512 —
949 2491 1045 2534 quod
1067 2491 1255 2533 scripserit
1279 2489 1302 2524 i.
1331 2500 1361 2522 9.
1389 2499 1449 2522 me
1476 2499 1541 2532 ap-

89 2536 259 2582 pellarit.
294 2556 340 2561 —
385 2539 724 2581 Ouz‘s...inimiczcs‚
774 2534 963 2570 Welcher
1010 2541 1126 2570 unter
1168 2537 1324 2570 melnen
1368 2535 1541 2569 Feindeu

92 2584 250 2618 driickte
277 2584 359 2617 sich
387 2585 517 2618 iemals
543 2585 858 2618 niichtorner
883 2584 976 2617 iiber
1001 2583 1106 2617 mich
1132 2585 1227 2617 aus?
1253 2602 1298 2609 —·
1335 2584 1374 2616 de
1399 2589 1543 2616 senatus

93 2645 185 2666 cons.
214 2638 254 2665 ut
280 2637 425 2678 corrig„
463 2633 572 2674 bloss,
601 2633 663 2665 das
691 2631 858 2677 Nijthige
887 2632 926 2664 in
954 2632 1100 2665 Betreff
1122 2632 1184 2665 des
1211 2631 1542 2665 Senatsbeschlus-

93 2692 147 2714 595
181 2693 226 2713 zu
260 2681 503 2721 verbessern3
543 2681 596 2713 als
631 2691 747 2713 wenn
792 2684 892 2711 sonst
929 2680 1046 2713 keine
1083 2679 1422 2726 Unrichtigkeiten
1458 2679 1541 2711 sicli

92 2729 311 2763 vorstinden.
339 2747 385 2753 —-
411 2743 432 2761 cc
459 2731 577 2762 Ιίαηίο
603 2729 810 2762 admonitus
835 2733 921 2760 esset
955 2727 976 2761 i.
1007 2739 1035 2760 e.
1075 2738 1094 2760 a
1121 2727 1192 2760 vili
1219 2727 1381 2770 quodam
1408 2727 1540 2767 scriba,
