1795 3081
551 119 872 169 EPlS'roLA
910 119 1165 170 CCCCVI.
1524 125 1587 170 19

124 241 396 281 nuntiantur.
454 239 581 279 Nihil
612 240 728 278 enim
757 239 927 277 firmius
968 252 1058 279 esse
1097 239 1266 289 dicunt,
1313 240 1426 280 nihil
1455 254 1581 294 para-

124 298 225 337 tius.
283 293 467 334 Accedit
497 294 712 346 Hispania
742 300 786 333 et
821 295 1012 334 alienata
1050 294 1206 342 Italia;
1248 295 1473 351 legionum
1503 309 1583 336 nec

123 352 191 392 vis
222 350 371 391 eadem
400 363 479 390 nec
509 350 737 396 voluntas;
767 349 961 389 urbanae
990 362 1060 388 res
1085 349 1296 401 perditae.
1356 350 1472 402 Quid
1503 358 1582 402 est,

124 406 200 446 ubi
231 407 516 459 acquiescam,
559 405 645 443 nisi
682 417 809 456 quam
853 403 930 442 diu
966 409 1062 443 tuas
1102 405 1252 445 literas
1292 404 1420 462 lego?
1463 406 1584 458 Quae

126 468 269 501 essent
297 462 498 514 profecto
537 460 804 509 crebriores,
849 461 886 498 si
916 458 1022 511 quid
1052 459 1250 511 haberes,
1291 472 1377 514 quo
1407 467 1585 515 putares

125 530 265 557 meam
288 516 534 555 molestiam
559 515 700 553 minui
720 527 858 567 posse.
917 513 1002 553 Sed
1031 520 1176 554 tamen
1205 521 1248 554 te
1278 529 1402 572 rogo,
1433 530 1487 557 ne
1517 519 1584 555 in-

123 572 342 612 termittas
372 571 567 609 scribere
596 568 651 609 ad
679 582 763 621 me,
795 568 1008 622 quidquid
1033 571 1141 617 erit3
1173 583 1347 623 eosque,
1378 574 1454 624 qui
1475 573 1585 611 mihi

123 633 213 667 tam
245 625 486 665 crudeliter
515 625 686 663 inimici
715 630 830 675 sunt,
873 626 909 664 si
941 624 1083 664 odisse
1113 638 1200 663 non
1230 632 1368 678 potes,
1409 641 1584 667 accuses

125 688 294 729 tamen3
342 694 429 719 non
459 686 509 719 ut
537 678 705 732 aliquid
734 680 953 732 proficias,
1002 679 1077 719 sed
1114 686 1164 719 ut
1201 680 1285 719 tibi
1324 694 1392 721 me
1430 695 1582 723 carum

125 749 216 777 esse
245 737 445 776 sentiant.
504 734 637 774 Plura
667 733 720 774 ad
751 741 794 774 te
823 735 1028 786 scribam,
1067 736 1102 774 si
1145 736 1255 774 mihi
1292 735 1346 776 ad
1384 750 1454 776 eas
1485 739 1585 777 lite-

125 805 211 843 ras,
241 804 347 844 quas
376 791 578 844 proxime
596 788 651 830 ad
670 796 713 830 te
735 788 852 842 dedi,
876 792 1171 844 rescripseris.
1212 791 1338 832 Vale.
1380 807 1460 832 xii.
1483 792 1583 834 Kal.

122 847 246 887 Febr.

269 960 583 1010 EPISTOLA
621 961 878 1011 CCCCVI.
949 959 1029 1020 (ad
1065 961 1168 1009 Att.
1207 959 1295 1011 XI.
1334 962 1438 1020 11.)

234 1050 314 1085 scr.
340 1048 538 1083 Brundisii
564 1050 666 1085 v111.
704 1049 761 1084 ld.
790 1051 896 1085 mart.
925 1049 968 1086 A.
996 1050 1041 1086 U.
1071 1050 1112 1087 c,
1141 1052 1223 1086 707.
1261 1051 1311 1092 (a.
1329 1050 1368 1086 e.
1391 1051 1471 1092 47.)

125 1122 172 1157 Se
198 1121 322 1156 omnia
358 1122 458 1155 mala
495 1126 533 1155 et
566 1121 757 1156 sustinere
785 1126 822 1156 et
848 1127 1068 1166 exspectare
1096 1122 1240 1155 scribit.
1276 1125 1308 1157 1.
1342 1122 1518 1167 petitque
1543 1122 1587 1156 ab

126 1170 267 1212 Attico,
293 1174 335 1203 ut
359 1169 432 1204 sibi
450 1170 589 1204 Romae
615 1169 796 1215 pecunias
824 1175 933 1203 curet
961 1175 996 1203 et
1023 1170 1158 1204 crebro
1184 1169 1353 1205 scribere
1379 1176 1523 1218 pergat.
1549 1171 1584 1207 2.

629 1240 808 1276 CICERO
836 1241 1014 1276 ATTICO
1041 1238 1076 1274 S.

239 1312 474 1354 Confectus
503 1313 590 1352 iam
619 1315 822 1354 cruciatu
852 1314 1145 1353 maximorum
1176 1312 1397 1365 dolorum⁷
1437 1327 1504 1365 ne,
1550 1314 1587 1353 si

127 1369 185 1409 sit
197 1367 385 1421 quidem,
415 1367 532 1420 quod
561 1367 617 1407 ad
644 1374 688 1409 te
718 1368 899 1409 debeam
929 1370 1141 1419 scribere,
1172 1370 1303 1409 facile
1332 1369 1379 1409 id
1410 1371 1588 1422 exsequi

129 1424 316 1478 possim3
353 1423 436 1462 hoc
464 1424 621 1473 minus,
666 1423 782 1476 quod
820 1437 891 1464 res
927 1424 1050 1463 nulla
1086 1430 1165 1474 est,
1207 1437 1317 1476 quae
1354 1424 1588 1464 scribenda

129 1481 211 1527 sit3
253 1491 387 1531 quum
426 1479 687 1531 praesertim
727 1492 781 1518 ne
820 1492 916 1531 spes
960 1478 1136 1531 quidem
1181 1480 1273 1518 ulla
1315 1479 1587 1531 ostendatur,

129 1537 226 1574 fore
254 1534 423 1572 melius.
489 1533 555 1572 Ita
594 1534 681 1572 iam
726 1547 780 1572 ne
820 1540 916 1573 tuas
955 1533 1131 1586 quidem
1171 1534 1325 1574 literas
1356 1541 1585 1588 exspecto:

128 1601 389 1642 quamquam
429 1600 601 1640 semper
639 1586 808 1641 aliquid
837 1590 1043 1639 afferunt,
1081 1588 1198 1641 quod
1227 1590 1376 1628 velim.
1442 1590 1588 1642 Quare

129 1650 179 1684 tu
208 1641 384 1696 quidem
412 1643 618 1693 scribito,
649 1656 781 1696 quum
812 1645 913 1694 erit,
944 1644 1016 1684 cui
1046 1642 1144 1683 des:
1191 1657 1272 1699 ego
1309 1647 1397 1684 tuis
1436 1646 1588 1698 proxi-

128 1699 224 1749 mis,
269 1711 373 1750 quas
402 1703 548 1737 tamen
583 1699 671 1737 iam
711 1697 883 1750 pridem
923 1700 1088 1752 accepi,
1132 1699 1245 1738 nihil
1275 1698 1430 1750 habeo,
1471 1699 1589 1753 quod

129 1754 383 1793 rescribam.
457 1753 612 1809 Longo
652 1755 767 1793 enim
806 1754 1045 1793 intervallo
1075 1753 1205 1794 video
1237 1756 1468 1796 immutata
1497 1769 1588 1795 esse

127 1809 300 1848 omnia:
333 1808 413 1847 illa
431 1821 521 1848 esse
543 1809 684 1858 firma,
716 1822 826 1862 quae
848 1808 1048 1860 debeant,
1070 1822 1148 1849 nos
1172 1811 1390 1850 stultitiae
1411 1818 1588 1851 nostrae

222 1925 256 1960 2.
305 1925 402 1958 nihil
422 1927 596 1969 paratius
621 1924 861 1969 Pompeianis
895 1924 935 1957 in
961 1924 1089 1958 Africa
1123 1930 1253 1959 contra
1283 1926 1480 1960 Caesarem
1508 1925 1587 1960 bel-

128 1973 210 2007 lum
235 1971 464 2021 gerentibus.
502 1973 604 2006 SCH.
643 1972 680 2008 S.
708 1985 755 2006 zu
782 1984 840 2017 ep.
866 1974 950 2012 395,
978 1977 1008 2006 1.
1042 1992 1087 1998 —
1114 1974 1307 2018 Hispania.
1349 1975 1436 2007 Non
1463 1978 1586 2019 potest

129 2032 206 2056 esse
241 2031 363 2054 sermo
399 2019 445 2053 de
480 2019 581 2054 bello
608 2021 776 2065 Pompeii
810 2020 886 2054 filii
917 2021 956 2053 in
983 2021 1185 2066 Hispania;
1230 2019 1268 2054 id
1301 2026 1380 2054 tum
1415 2021 1585 2055 nondum

129 2073 322 2113 coeperat.
371 2067 652 2116 Intelligendus
680 2069 719 2112 Q.
737 2068 883 2103 Cassius
902 2068 1112 2117 Longinus,
1139 2068 1204 2113 qui
1228 2068 1417 2113 Hispanos
1443 2070 1587 2104 aliena-

129 2121 254 2150 verat:
283 2116 327 2149 de
355 2127 429 2160 quo
456 2116 533 2152 vid.
559 2116 603 2150 de
629 2116 730 2151 bello
757 2117 1018 2150 Alexandrino
1046 2128 1077 2151 e.
1104 2119 1160 2152 48.
1185 2118 1407 2152 ERNESTI.
1435 2137 1480 2141 —
1516 2119 1587 2151 ali-

130 2169 239 2199 enata
264 2164 393 2206 Italia,
419 2169 582 2208 propter
607 2164 764 2198 Antonii
800 2164 1068 2199 crudelitatem
1095 2177 1137 2198 ac
1163 2165 1395 2210 direptiones
1422 2163 1588 2199 alienior

130 2212 289 2253 effeeta3
326 2211 371 2246 de
398 2222 468 2255 qua
503 2223 544 2246 re
570 2212 672 2246 idem
700 2211 835 2246 Cicero
867 2213 907 2246 in
933 2211 1088 2257 Philipp
1116 2213 1166 2246 ΙΙ.
1195 2225 1225 2247 c.
1253 2215 1311 2249 25.
1340 2213 1444 2247 Infra
1471 2213 1585 2247 etiam

129 2271 187 2304 ep.
216 2262 270 2294 16.
303 2258 356 2301 (h.
385 2259 442 2295 ed.
471 2261 573 2301 411.)
598 2260 638 2292 in
670 2260 776 2301 locis,
822 2260 862 2293 in
897 2259 1029 2305 quibus
1054 2272 1191 2305 parum
1229 2260 1393 2296 secunda
1429 2262 1587 2294 fortuna

129 2307 275 2349 suisset,
301 2307 478 2341 meminit
504 2308 650 2342 Italiae.
686 2309 891 2343 MALASP.
927 2328 972 2333 —
1008 2310 1084 2344 urb.
1118 2321 1174 2343 res
1209 2311 1323 2353 perd„
1367 2308 1587 2342 tribunitiis

130 2354 452 2390 contentionibus.
512 2357 608 2401 Nam
645 2356 845 2390 Dolabella
881 2360 917 2390 et
951 2356 1168 2390 Trebellius
1202 2356 1351 2390 tribuni
1385 2357 1438 2401 pl.
1485 2358 1588 2390 inter

129 2415 167 2437 se
197 2407 234 2436 et
260 2414 347 2435 cum
366 2403 532 2437 Antonio
560 2403 848 2437 contendebant.
880 2405 1088 2438 CORRAD.
1117 2404 1153 2441 S.
1177 2417 1234 2450 ep.
1254 2402 1518 2444 CCCCVHA.
1542 2420 1586 2429 -

127 2453 161 2485 si
178 2451 299 2484 vdisse
323 2463 395 2483 non
426 2456 542 2496 potes,
578 2456 620 2484 ut
655 2450 779 2484 affinis
806 2452 970 2484 alterum
1004 2452 1145 2486 sororis
1178 2453 1371 2494 maritum,
1422 2453 1588 2487 alterum

131 2497 269 2531 filium.
300 2499 569 2535 CORRADUS.
594 2518 641 2524 -—
666 2511 733 2534 xu.
759 2501 844 2534 Kal.
872 2500 989 2541 Febr„
1017 2513 1076 2534 am
1100 2501 1158 2535 21.
1184 2500 1339 2534 Januar.

227 2560 259 2591 1.
311 2560 521 2602 —possim.
562 2558 623 2592 Sic
649 2560 732 2592 Bos.
760 2557 872 2603 Seqq.
896 2572 1037 2604 possem
1063 2560 1210 2594 Priores
1238 2571 1324 2592 cum
1350 2558 1422 2592 Md.
1449 2577 1496 2584 —
1522 2560 1588 2593 hoc

131 2605 306 2638 cruciatu
332 2608 451 2639 minus
476 2608 671 2640 confectus
698 2618 792 2640 sum.
820 2625 867 2631 —
890 2608 1016 2650 firma,
1046 2621 1135 2653 quae
1161 2609 1311 2641 debeant
1350 2606 1461 2640 firma
1496 2619 1587 2649 esse,

131 2653 156 2686 i.
185 2664 215 2687 e.
245 2651 560 2696 Pompeianorum
597 2655 771 2688 fortunas
808 2653 996 2689 firmiores
1038 2668 1125 2689 esse.
1163 2657 1263 2689 SCH.
1315 2672 1361 2679 -—
1404 2657 1588 2689 stultitiae

129 2706 292 2783 gastun,
321 2700 422 2744 quod
448 2701 491 2735 ab
518 2702 632 2737 armis
659 2702 894 2737 discesserim
931 2706 965 2737 et
993 2704 1032 2737 in
1060 2703 1210 2738 ltaliam
1237 2702 1432 2737 redierim.
1484 2703 1586 2737 SCH.

157 2773 165 2781 .
194 2760 250 2793 ep.
278 2751 361 2790 404,
391 2751 422 2784 1.

1229 2810 1252 2830 ε’)
1264 2810 1285 2835 ss

1232 2837 1254 2849 nd
