1795 3081
208 81 303 128 126
469 76 535 124 Μ.
573 76 627 124 Τ.
655 70 987 123 CICERONIS
1021 74 1401 126 EPISTOLAE.

206 201 370 250 berem,
400 211 488 237 non
517 195 649 236 modo
680 201 800 236 certa
831 209 900 236 res
929 197 1067 248 nulla,
1111 197 1187 238 sed
1225 212 1280 238 ne
1325 211 1461 254 genus
1491 196 1669 252 quidem

206 258 441 296 literarum
489 254 701 292 usitatum
747 252 954 291 veniebat
1000 253 1047 290 in
1085 260 1288 294 mentem.
1370 254 1512 294 Unam
1555 256 1672 294 enim

207 318 379 365 partem
417 315 460 349 et
500 305 859 347 consuetudinem
889 321 1041 346 earum
1072 311 1376 362 epistolarum,
1417 311 1574 362 quibus
1605 323 1671 349 se-

209 365 363 405 cundis
393 365 524 403 rebus
553 364 620 402 uti
650 363 911 413 solebamus,
942 369 1113 416 tempus
1144 367 1371 418 eripuerat
1399 367 1670 418 perfecerat-

209 435 292 474 que
322 422 516 470 fortuna,
547 432 602 457 ne
633 417 739 470 quid
778 419 866 457 tale
912 420 1110 459 scribere
1148 433 1322 473 possem
1369 426 1448 459 aut
1491 422 1671 460 omnino

207 478 418 531 cogitare.
476 474 825 525 Relinquebatur
862 475 991 513 triste
1034 475 1252 527 quoddam
1292 481 1336 514 et
1378 476 1589 514 miserum
1628 481 1672 515 et

207 532 277 570 his
308 530 582 583 temporibus
613 534 950 568 consentaneum
972 543 1107 584 genus
1136 532 1395 578 literarum3
1427 530 1471 569 id
1497 543 1671 583 quoque

209 586 443 625 deficiebat
471 598 555 635 me,
603 585 649 621 in
691 596 776 636 quo
808 583 994 623 debebat
1023 599 1114 625 esse
1143 593 1219 625 aut
1248 587 1481 639 promissio
1512 587 1672 624 auxilii

207 642 397 680 alicuius
427 647 502 680 aut
533 639 778 678 consolatio
811 638 979 679 doloris
1009 643 1088 681 tui.
1148 641 1265 693 Quid
1294 642 1551 694 pollicerer,
1581 653 1669 679 non

210 703 329 736 erat:
377 697 470 749 ipse
514 696 630 734 enim
669 695 767 746 pari
808 696 987 734 fortuna
1034 697 1228 736 abiectus
1276 698 1469 736 aliorum
1512 697 1670 749 opibus

209 765 333 790 casus
380 763 501 790 meos
547 750 857 799 sustentabam,
904 752 1162 804 saepiusque
1211 752 1321 790 mihi
1366 751 1572 792 veniebat
1616 752 1667 789 in

207 813 399 846 mentem
435 806 576 859 queri,
625 803 742 857 quod
782 806 845 843 ita
880 807 1093 857 viverem,
1132 820 1262 858 quam
1300 807 1506 862 gaudere,
1551 805 1669 859 qnod

177 860 419 902 2viverem.
480 862 751 912 Quamquam
783 861 898 898 enim
929 863 1052 900 nulla
1082 875 1150 901 me
1179 864 1323 914 ipsum
1353 863 1563 914 privatim
1592 875 1667 914 pe·
1720 901 1726 907 ,

205 918 322 971 pulit
350 917 534 971 insignis
564 916 730 953 iniuria
760 928 838 954 nec
869 916 979 954 mihi
1021 916 1256 969 quidquam
1283 918 1364 956 tali
1394 923 1591 969 tempore
1622 918 1668 954 in

205 978 395 1011 mentem
423 971 549 1010 venit
578 976 747 1023 optare,
779 970 896 1022 quod
926 984 1013 1010 non
1042 973 1163 1011 ultro
1203 972 1313 1010 mihi
1343 972 1505 1011 Caesar
1543 971 1667 1011 detu-

204 1028 336 1067 lerit:
382 1033 527 1066 tamen
566 1026 855 1064 nihilominus
894 1028 956 1065 eis
995 1028 1208 1066 conficior
1246 1029 1379 1078 curis,
1418 1034 1469 1067 ut
1508 1028 1666 1080 ipsum,

205 1081 322 1135 quod
363 1094 561 1120 maneam
602 1082 647 1118 in
687 1082 793 1130 vita,
844 1095 1027 1134 peccare
1072 1096 1141 1122 me
1184 1084 1440 1122 existimem.
1523 1082 1664 1122 Careo

205 1139 321 1178 enim
353 1150 485 1189 quum
515 1137 873 1175 familiarissimis
905 1139 1070 1188 multis,
1111 1151 1217 1190 quos
1247 1145 1323 1177 aut
1351 1151 1469 1177 mors
1501 1138 1668 1190 eripuit

203 1193 331 1232 nobis
370 1198 446 1231 aut
484 1191 691 1231 distraxit
728 1193 847 1246 fuga,
887 1199 980 1231 tum
1019 1195 1220 1232 omnibus
1264 1194 1432 1244 amicis,
1477 1206 1667 1246 quorum

202 1248 555 1288 benevolentiam
585 1247 711 1285 nobis
743 1249 1008 1288 conciliarat
1046 1262 1126 1301 per
1163 1262 1231 1288 me
1274 1247 1494 1301 quondam
1525 1255 1567 1287 te
1597 1261 1666 1287 so-

203 1305 273 1344 cio
304 1303 481 1343 defensa
518 1316 588 1341 res
618 1302 812 1355 publiea,
852 1317 1095 1356 versorque
1136 1305 1182 1342 in
1226 1317 1378 1343 eorum
1421 1305 1666 1358 naufragiis

298 1419 331 1450 1.
386 1417 582 1459 Quaerenti
624 1416 728 1456 mihi,
779 1416 866 1449 eine
911 1415 1112 1450 kernichte
1149 1416 1364 1459 Inversion‚
1409 1417 1484 1451 wie
1519 1417 1585 1458 XI,
1618 1417 1665 1452 25

202 1464 443 1510 Exspectanti
468 1464 559 1498 mihi
590 1476 627 1496 u.
660 1466 706 1499 29
738 1465 949 1498 Dubitanti
969 1466 1074 1499 mihi.
1113 1483 1160 1488 —
1195 1470 1291 1498 certa
1317 1477 1383 1508 res,
1422 1465 1666 1499 bestimmtex·

204 1511 460 1559 Gegenstand.
503 1530 549 1536 —-
598 1511 937 1558 Unam-..partem
971 1519 1005 1546 et
1041 1514 1328 1547 consuetudinem
1361 1526 1434 1547 ear.
1469 1527 1535 1557 ep„
1576 1514 1662 1547 eine

203 1559 448 1603 Hendiadys!
477 1560 566 1601 „die
594 1560 680 1593 eine
707 1559 777 1592 Art
802 1572 953 1594 unseres
979 1561 1300 1595 Briefwechsels“
1339 1561 1372 1594 d.
1402 1562 1425 1594 1'.
1462 1561 1524 1595 die
1550 1573 1663 1594 mun-

204 1613 286 1641 iere
324 1606 566 1641 scherzhaste
602 1607 672 1640 Art
705 1619 781 1642 von
814 1608 979 1644 Briefen.
1017 1629 1057 1634 —
1094 1615 1245 1654 tempus,
1284 1609 1344 1642 die
1364 1609 1464 1655 ¹bb'se
1492 1609 1588 1642 Zeit.
1615 1628 1663 1634 —-

203 1657 260 1690 his
284 1661 392 1700 temp.
420 1668 537 1697 etms„
570 1667 621 1688 zu
648 1655 774 1690 diesen
801 1657 935 1690 Zeiten
961 1657 1197 1690 stimmende.
1235 1676 1280 1681 --
1315 1660 1353 1690 in
1381 1669 1449 1703 quo
1475 1659 1663 1692 ἀεῖ)...ἅο-

204 1707 273 1738 lor.
309 1707 382 1742 tui,
418 1703 507 1736 aber
544 1703 641 1736 auch
676 1716 722 1735 zu
757 1704 880 1737 dieser
918 1703 988 1737 Art
1024 1716 1099 1739 von
1136 1705 1301 1744 Briosen,
1339 1705 1466 1739 worin
1499 1704 1561 1738 ich
1587 1706 1659 1739 Dir

203 1752 307 1786 h'eitte
340 1763 387 1784 zu
422 1751 572 1797 einiger
608 1752 723 1784 Hiilfe
749 1752 946 1799 Hoffnung
979 1753 1140 1787 macheu
1177 1754 1268 1787 oder
1293 1753 1442 1786 Deinen
1477 1753 1661 1787 Schmerz

202 1801 349 1834 trosten
375 1799 513 1841 sollen,
541 1798 636 1831 fiihl’
665 1799 730 1832 ich
757 1800 862 1833 mich
889 1812 1017 1833 ausser
1042 1801 1157 1834 Stand
1184 1807 1339 1849 gesetzt.
1376 1820 1421 1826 —
1460 1803 1566 1844 Quid.
1595 1801 1659 1834 Sic

202 1848 279 1881 Md.
309 1848 409 1881 Crat.
438 1847 540 1880 Vict.
571 1850 602 1880 1.
640 1847 757 1894 Beng.
798 1849 899 1892 Quod
932 1849 1028 1881 vict.
1062 1851 1085 1883 2
1120 1849 1258 1882 Ceteri.
1307 1849 1401 1882 Cum
1429 1849 1519 1882 Cdd.
1556 1849 1660 1883 soleo

203 1895 392 1929 scribere:
419 1907 490 1929 non
516 1894 626 1929 habeo
655 1899 742 1940 quid
763 1899 943 1938 scrz'bccm5
975 1897 1070 1930 m‘lzil
1093 1897 1216 1939 habeo,
1257 1899 1353 1943 quod
1376 1899 1544 1933 scribam.
1584 1899 1658 1931 ΟΒ.

204 1961 249 1968 ——
275 1946 448 1983 abiectus,
487 1942 741 1991 verschlagen
776 1945 865 1986 (wie
894 1957 981 1978 vom
1008 1945 1193 1987 Sturme.)
1219 1955 1266 1976 Ξ
1292 1957 1504 1989 oppressus,
1549 1946 1660 1979 iiber-

203 1992 365 2040 W'ziltigt.
403 2010 450 2016 —
484 1993 654 2029 aliorum,
688 1994 837 2034 Pansae,
866 1993 997 2034 Hirtii,
1024 1993 1142 2033 Balbi,
1170 1994 1294 2038 Oppii,
1322 1993 1440 2034 Mutii,
1479 1995 1660 2027 Postumii

204 2039 330 2086 opibus
356 2039 381 2073 i.
409 2051 441 2075 e.
466 2040 695 2073 auctoritate
733 2046 770 2073 et
807 2041 942 2088 gratia,
976 2052 1047 2085 qua
1074 2042 1288 2085 plurimum
1323 2042 1412 2075 illos
1440 2042 1541 2086 apud
1569 2042 1660 2076 Cae-

203 2099 326 2122 sarem
350 2097 459 2132 posse
484 2088 762 2136 intelligebam.
803 2090 884 2122 vid.
912 2090 958 2122 ad
984 2090 1120 2122 famil.
1151 2090 1217 2131 Vl,
1245 2092 1301 2125 12.
1331 2109 1373 2114 -—
1408 2091 1659 2123 sustentabant

202 2146 251 2169 =
276 2140 481 2169 sustentare
509 2136 680 2170 conabar.
715 2155 762 2161 -—
794 2141 848 2171 ita
873 2150 921 2172 =
947 2138 1015 2170 ista
1044 2136 1274 2179 conditione,
1310 2137 1350 2170 in
1385 2137 1556 2172 solchem
1583 2139 1659 2171 Zu-

204 2184 348 2219 stande.

296 2245 330 2278 2.
375 2245 520 2288 pepulit
542 2254 590 2276 =
611 2246 769 2289 perculit
805 2243 945 2287 Lamb„
982 2243 1170 2279 betroffen
1197 2245 1273 2278 hat.
1316 2264 1357 2271 —
1393 2248 1548 2286 iniuria,
1588 2246 1658 2281 Be⁴

203 2290 458 2340 sch'zidigung3
487 2292 589 2335 quod
615 2304 739 2337 neque
768 2295 901 2327 exsilio
928 2293 1083 2327 affectus
1120 2304 1191 2326 nec
1226 2293 1333 2326 bonis
1369 2296 1541 2339 privatus
1576 2300 1657 2328 erat

201 2352 219 2374 a
247 2340 415 2376 Caesare,
443 2341 545 2373 SCH.
571 2359 617 2364 -
645 2346 685 2374 ut
710 2345 852 2386 z'pszcm.
872 2354 988 2386 .perc.
1016 2354 1069 2374 me
1096 2345 1208 2379 exist„
1242 2341 1321 2374 dass
1349 2342 1413 2375 ich
1441 2342 1549 2374 darin
1575 2343 1657 2376 Un-

202 2387 314 2421 recht
339 2400 387 2420 zu
412 2386 509 2421 thuu
532 2390 742 2429 vermeine,
770 2402 886 2423 wolin
913 2388 975 2422 ich
1003 2389 1150 2422 solches
1169 2390 1295 2423 Leben
1316 2390 1449 2437 l'zinger
1469 2389 1653 2424 anshalte.

201 2442 244 2470 ut
269 2437 335 2470 hoc
355 2439 473 2481 ipsum
490 2436 591 2472 Vict.
607 2439 641 2471 2.
670 2438 797 2470 Lamb.
827 2443 959 2472 eontra
977 2437 1059 2470 Md.
1083 2437 1179 2471 Aliis
1206 2438 1373 2482 placebit
1401 2443 1440 2470 ut
1466 2440 1506 2470 id
1529 2442 1659 2481 ipsum-

200 2484 275 2519 Sed
311 2485 379 2517 cfr.
418 2484 529 2517 Hand
562 2485 608 2518 ad
636 2486 762 2530 YVoplr.
798 2498 834 2530 p.
863 2489 942 2521 391.
982 2486 1173 2520 ORELLJ.
1208 2505 1255 2510 —-
1303 2487 1428 2526 careo,
1469 2484 1532 2518 ich
1566 2485 1656 2519 sehe

201 2531 307 2565 mich
334 2533 501 2569 beraubt.
527 2552 574 2557 —
598 2534 788 2575 distraxit,
826 2540 1069 2568 zerstreuete.
1108 2552 1153 2558 —-
1191 2539 1224 2567 te
1249 2538 1359 2575 sorio,
1399 2533 1470 2566 mit
1497 2533 1657 2567 Deinem

201 2580 414 2615 Beistande,
446 2580 485 2613 in
524 2582 776 2625 opprimenda
812 2582 996 2616 Catilinae
1035 2582 1308 2616 coniuratione.
1348 2582 1434 2616 Vid.
1462 2581 1656 2614 Plutarch.

202 2630 242 2661 in
278 2628 358 2661 Cic.
388 2630 472 2662 Vita
509 2635 545 2663 et
578 2630 619 2662 in
648 2630 856 2672 Opusculo:
894 2634 937 2663 Fu*
962 2630 1184 2676 2v9.e‹1†31vr{59q›
1211 2631 1437 2664 πολιτευτέον.
1477 2628 1653 2662 ΜΑΝΠΤ.

202 2696 244 2701 ——
272 2678 418 2720 defensa
444 2690 498 2711 res
524 2690 558 2721 p.
592 2683 633 2712 st.
670 2678 839 2711 defensio
868 2678 924 2711 rei
952 2678 1138 2721 publicae.
1179 2677 1213 2711 S.
1243 2678 1393 2710 Ramsh.
1423 2679 1449 2719 ξ.
1479 2680 1559 2715 171,
1585 2677 1654 2718 Ill,

198 2727 232 2766 2,
260 2725 343 2758 Not.
371 2729 401 2760 3.
430 2744 476 2749 —
513 2739 644 2767 versor,
671 2726 734 2759 ich
762 2726 884 2759 treibe
912 2726 1017 2758 mich
1046 2726 1184 2759 111111101·
1209 2726 1349 2759 mitten
1378 2731 1501 2758 unter.
1537 2744 1583 2749 —-
1621 2722 1662 2756 id

1743 0 1764 196 l
