1795 3081
4 1722 11 1740 .-.
8 1711 10 1714 .
0 1549 11 1702 2*,..2‹-⁴==-s
2 1510 9 1542 a
7 1493 9 1500 ι

0 2080 12 2167 ᾛ-ἓ·
0 2035 10 2056 Ν
0 1944 9 2004 vnn·
4 1910 6 1913 -
2 1849 7 1877 v-·
3 1775 11 1806 n-
9 1748 11 1755 .

494 49 818 104 EPISTULA
855 50 962 99 DX.
1002 49 1137 99 DXI.
1446 41 1541 93 203

80 185 156 220 aut
185 189 385 223 meorum
415 178 606 232 cuipiam
638 176 682 215 in
712 173 814 216 Asia
844 176 954 225 opus
984 178 1065 220 est,
1108 170 1163 212 ad
1200 169 1317 212 hunc
1344 166 1541 211 scribor-e

81 236 305 285 consuevi,
335 234 464 273 huius
494 245 626 285 quum
657 244 681 270 o
717 243 792 270 era
823 233 867 268 et
895 225 994 277 fide,
1036 233 1128 268 tum
1158 226 1288 267 domo
1321 233 1365 267 et
1395 240 1444 265 re
1474 225 1541 264 uti

81 297 300 343 tamquam
331 302 437 329 mea.
494 287 616 331 Haec
645 299 668 325 a
732 293 773 327 te
804 297 855 324 eo
885 281 1090 336 pluribus
1118 284 1207 322 scri
1239 284 1292 333 si,
1331 288 1382 321 ut
1410 280 1540 319 intel—

80 346 242 401 ligeres
271 358 339 384 me
369 356 456 383 non
483 343 732 394 vulgariter
760 353 840 382 nec
869 338 1116 389 ambitiose,
1154 351 1198 377 se
1266 344 1324 377 ut.
1349 349 1430 389 pro
1462 335 1541 373 ho-

80 403 198 441 mine
227 401 382 440 intimo
412 410 462 437 ac
493 398 599 436 mihi
629 397 954 451 pernecessario
986 395 1195 435 scribere.
1261 394 1370 435 Peto
1403 391 1582 449 igitur2

80 470 105 496 a
135 462 191 505 te,
222 456 343 494 utin
373 466 423 492 ea
460 453 780 502 controversia,
830 464 959 503 quam
1000 450 1133 492 habet
1167 449 1221 488 de
1259 446 1399 487 fundo
1442 460 1541 486 cnm

81 509 264 562 quodam
304 507 594 560 Colophonio,
634 514 677 546 et
714 508 759 546 in
798 507 957 547 ceteris
999 505 1145 555 rebus,
1185 509 1400 557 quantum
1437 501 1544 540 fides

77 571 156 604 tua
198 565 391 617 patietur
430 568 723 615 quantumque
764 568 841 603 tuo
882 559 1112 604 commodo
1142 559 1329 612 poteris,
1364 563 1542 596 ‚tantum

80 626 124 659 et
153 619 333 658 honoris
363 618 448 656 mei
479 630 607 656 cansa
638 615 908 657 commodes:
940 617 1038 665 etsi,
1078 620 1130 653 ut
1157 616 1251 653 eius
1280 610 1542 652 modestiam

80 674 285 730 cognovi,
314 673 461 727 gravis
491 673 575 711 tibi
604 673 724 712 nulla
754 674 800 711 in
829 685 878 712 re
909 673 1007 711 erit.
1050 669 1100 711 Si
1130 675 1174 711 et
1200 681 1300 707 mea
1322 679 1542 706 commen-

80 728 257 768 datione
294 733 338 766 et
372 740 448 766 sua
488 728 710 782 probitate
752 733 974 770 assecutus
1019 726 1118 770 erit,
1168 730 1220 765 ut:
1257 722 1314 762 de
1349 734 1394 760 se
1433 721 1542 759 bene

80 785 316 832 existimes,
345 784 490 821 omnia
520 795 565 821 se
585 782 791 835 adeptum
816 781 1125 822 arbitrabitur.
1181 778 1241 820 Ut
1269 777 1415 835 igitur
1444 788 1541 814 eum

81 839 266 890 recipias
298 839 344 876 in
373 836 501 876 fidem
533 838 779 889 habeasque
809 838 855 876 in
884 848 1068 877 numero
1097 840 1292 883 tuor-um,
1337 837 1381 870 te
1410 830 1543 868 vehe-

79 899 250 931 menter
279 893 410 932 etiam
440 899 569 944 atque
600 894 729 933 etiam
760 905 884 947 rogo.
922 893 1032 941 Ego,
1061 902 1170 942 quae
1199 894 1246 930 te
1271 886 1393 932 velle
1413 897 1544 936 quae-

81 961 165 1001 que
195 947 249 986 ad
277 954 320 986 te
358 949 582 999 pertinere
622 948 891 999 arbitrabor,
933 939 1082 989 omnia
1118 942 1316 988 studiose
1356 939 1543 999 diligen-

79 1008 235 1059 terque
264 1002 443 1045 curabo.

270 1139 588 1192 EPISTOLA
624 1141 754 1191 DXI.
805 1142 886 1202 (ad
920 1143 1040 1192 niv.
1076 1140 1205 1191 xm.
1241 1142 1344 1200 70.)
1383 1138 1390 1145 ’

391 1229 471 1264 scr.
499 1230 639 1264 Romae
665 1232 704 1265 A.
733 1232 777 1266 U.
805 1233 845 1267 c.
872 1234 958 1268 708.
993 1233 1044 1275 (a.
1072 1232 1112 1266 e.
1138 1232 1216 1272 46.)

290 1301 418 1346 Ampii
443 1301 549 1335 Balbi
581 1303 760 1336 libertum
786 1303 1040 1338 Menandrum
1066 1300 1320 1337 commendat.

253 1373 300 1410 Μ.
328 1372 505 1407 CICERO
533 1374 569 1408 P.
598 1374 826 1409 SERVlLIO
855 1372 1126 1410 COLLEGAE
1151 1372 1188 1406 S.
1215 1371 1360 1407 PLUR.
1384 1368 1387 1371 ’

189 1442 301 1495 Quia
331 1458 419 1483 non
451 1451 514 1483 est
543 1446 730 1485 obscura
759 1453 836 1485 tua
864 1448 911 1486 in
942 1459 1013 1485 me
1034 1444 1360 1492 benevolentia,
1390 1441 1457 1480 sic
1481 1439 1547 1489 fit,

80 1505 129 1539 ut
157 1500 286 1538 multi
317 1513 396 1552 per
426 1513 494 1539 me
526 1501 608 1539 tibi
630 1503 768 1540 velint
788 1499 1105 1541 commendari.
1161 1499 1251 1554 Ego
1283 1504 1433 1536 autem
1464 1496 1547 1534 tri-

79 1554 166 1593 buo
196 1566 507 1606 nonnunquam
537 1556 582 1593 in
613 1557 785 1612 vulgus,
815 1555 890 1595 sed
920 1557 1181 1610 plerumque
1209 1552 1472 1595 necessariis
1501 1551 1547 1589 in

78 1608 162 1649 hoc
193 1615 403 1663 tempore.
461 1610 576 1649 Nam
615 1625 712 1652 cum
753 1610 805 1652 T.
846 1611 1007 1663 Ampio
1046 1609 1183 1648 Balbo
1225 1608 1337 1649 mssn‘
1374 1616 1547 1645 summa

77 1665 358 1705 familiaritas
402 1665 762 1719 necessitudoque
798 1672 874 1706 est.
932 1666 1040 1706 Eius
1075 1664 1303 1715 libertum,
1348 1661 1401 1702 T.
1445 1660 1548 1700 Am·-

77 1720 199 1772 pium
242 1718 550 1770 Menandrum,
592 1721 813 1761 hominem
849 1721 975 1776 frugi
1013 1725 1057 1758 et
1092 1717 1351 1769 modestum,
1397 1722 1445 1756 et
1473 1728 1548 1767 pa-

79 1833 169 1881 galt.
198 1833 234 1869 S.
262 1832 308 1866 ad
332 1833 445 1867 Attic.
471 1833 552 1874 ΧΠ,
579 1836 635 1868 49.
666 1855 707 1863 --
735 1836 821 1879 fide,
850 1835 1014 1869 credits.
1048 1854 1096 1860 ——
1133 1846 1183 1874 re,
1217 1808 1472 1886 Vermiigens.
1498 1847 1546 1854 —-

79 1894 149 1916 non
174 1882 388 1926 vulgariter,
417 1880 528 1918 nicht
553 1893 617 1915 aus
645 1882 770 1916 einem
798 1883 1055 1932 allt'a'glichen
1084 1880 1254 1918 Grande,
1286 1890 1364 1913 non
1390 1891 1433 1911 ιιι
1462 1876 1547 1909 vul-

77 1940 147 1976 gus
175 1928 213 1961 id
239 1928 471 1965 tribuentem
499 1931 540 1971 (S.
568 1941 625 1974 ep.
654 1932 765 1972 511.),
794 1931 903 1966 nicht
930 1933 995 1965 fiir
1022 1931 1266 1966 leder-mann.
1301 1927 1360 1960 Ex
1386 1925 1545 1967 antiqua

80 1976 227 2010 emend.
257 1976 351 2010 Edd.
378 1988 494 2018 meae,
521 1982 676 2024 praeter
704 1978 910 2019 Gebhard„
946 1979 1014 2024 qui
1048 1989 1134 2011 cum
1161 1975 1232 2009 Md.
1270 1980 1308 2009 et
1334 1974 1430 2010 Cdd.
1458 1973 1545 2016 ple-

79 2024 192 2068 risq.:
220 2025 375 2068 vulgare.
408 2026 477 2058 ΟΒ.
515 2043 560 2048 --
598 2027 801 2067 ambitiose,
838 2039 901 2060 aus
929 2026 1135 2065 Eitelkeit,
1161 2022 1264 2073 (Vgl.
1292 2033 1351 2067 ep.
1378 2024 1465 2061 499,
1491 2022 1546 2060 2-)

79 2071 151 2104 mit
184 2072 352 2104 meinem
391 2071 592 2105 Gewichte
626 2073 684 2105 bei
719 2075 789 2107 Dir
824 2085 931 2120 gross
970 2086 1018 2107 zu
1053 2073 1165 2108 thun.
1191 2089 1239 2099 -
1275 2069 1371 2105 mihi
1393 2079 1546 2113 pentec.»

80 2120 158 2152 mir
183 2130 281 2166 ganz
308 2118 506 2152 besonders
532 2121 795 2169 angehol‘igen
822 2122 996 2156 Freund.

174 2180 206 2212 2.
257 2180 333 2217 etsi,
360 2184 398 2210 ut
423 2189 468 2211 :2-
494 2188 621 2224 prout,
651 2181 748 2215 nach
771 2181 869 2219 dem,
902 2192 944 2216 so
970 2181 1058 2215 wie.
1084 2200 1132 2206 —
1155 2180 1296 2226 gravis,
1328 2174 1548 2211 beschwer-

18 2215 23 2245 -“
78 2225 175 2267 neh,
202 2225 316 2273 lastig
341 2227 460 2260 fanen
487 2228 596 2263 wira.
636 2248 681 2254 -
722 2235 762 2261 ut
786 2230 825 2262 de
850 2243 898 2263 se.
930 2229 993 2263 Sic
1019 2228 1169 2273 scripsi.
1195 2230 1231 2261 vt
1255 2225 1333 2260 Md.
1367 2226 1423 2258 un·
1450 2222 1547 2257 cett.

81 2275 157 2307 ΟΒ.
184 2292 226 2298 -
254 2276 305 2306 ad
327 2278 360 2307 te
384 2278 574 2318 pertinere,
601 2276 683 2309 dass
707 2277 779 2309 Dir
805 2277 928 2313 daran
954 2277 1120 2324 gelegen
1146 2275 1212 2310 sei.

135 2391 142 2400 ,
175 2346 207 2380 1,
259 2346 420 2386 obscur-a,
456 2346 600 2393 ignota,
641 2348 877 2382 unbekannt.
926 2347 1011 2396 Vgl.
1049 2347 1124 2381 den
1158 2346 1314 2392 Anfang
1347 2343 1416 2379 des
1451 2342 1547 2390 folg-

78 2391 212 2425 Bness.
239 2411 286 2420 --
312 2396 522 2431 tribum-ize
550 2398 689 2440 vulgus,
726 2396 807 2428 sine
842 2395 998 2430 delectu
1033 2405 1187 2442 magno,
1221 2392 1419 2426 zuweilen
1453 2390 1547 2423 thue

79 2438 143 2472 ich
169 2440 276 2472 wohl
304 2440 455 2474 Diesem
491 2443 571 2476 und
600 2445 732 2479 lenem
771 2443 872 2478 ohne
906 2443 1009 2477 viele
1034 2441 1217 2476 Auswahl
1247 2440 1376 2473 Etwas
1421 2437 1549 2471 dieser

82 2486 151 2520 Art
187 2499 233 2520 zu
261 2488 461 2529 Gefallen3
499 2490 588 2525 aber
620 2492 661 2524 in
695 2491 768 2524 den
801 2490 974 2526 ietzisren
1009 2487 1322 2524 Zeitumst'ainden
1358 2485 1547 2519 meistens

79 2544 156 2573 nur
180 2535 340 2570 solchen
365 2537 584 2579 Freunden‚
621 2539 744 2572 denen
774 2550 864 2571 man
890 2523 1029 2571 ffiichts
1065 2536 1298 2582 abschlagen
1330 2534 1424 2568 dart=
1445 2532 1548 2566 noch

78 2580 197 2616 kann.
248 2585 530 2627 Nonnunquam
559 2587 714 2630 quidem
742 2586 854 2620 etiam
881 2587 1062 2634 vulgares
1088 2583 1267 2618 homines
1294 2582 1368 2617 tibi
1397 2584 1436 2614 et
1462 2580 1547 2614 allis

79 2630 317 2672 commendo,
343 2631 566 2675 quibuscum
595 2634 703 2667 nulla
730 2632 969 2667 necessitudo
997 2638 1060 2666 aut
1085 2630 1330 2665 familiaritas
1357 2627 1461 2664 mihi
1486 2627 1547 2662 in-

77 2678 252 2713 tercedit.
280 2699 322 2706 —
350 2681 388 2714 Y.
414 2682 517 2727 Amp.
548 2682 649 2718 Balb.
687 2680 722 2716 S.
751 2693 799 2716 zu
825 2692 883 2729 ep.
911 2681 1036 2718 Dxlv
1067 2679 1120 2714 im
1144 2677 1230 2712 Anf.
