1795 3081
206 100 303 145 306
540 95 605 142 Μ.
641 94 694 141 T.
730 90 1073 141 CICERONIS
1109 88 1493 140 EPISTOLAE.

203 218 263 257 hil
293 216 488 269 reperio:
533 222 577 255 et
607 212 784 268 quidem
815 227 987 254 mecum
1019 211 1158 252 habeo
1199 219 1242 252 et
1268 205 1601 266 Ἀριστοτέλους
1628 221 1672 255 et

208 269 486 323 Θεοπόμπου
515 267 631 326 πρὸς
652 265 961 325 Ἁλέξανδρονε
1010 267 1085 308 sed
1125 268 1232 321 quid
1271 268 1442 307 simile?
1498 268 1571 307 Illi
1610 276 1669 320 et,

203 342 316 381 quae
346 329 452 381 ipsis
483 327 664 366 honesta
695 332 857 374 essent,
888 323 1142 364 scribebant
1171 329 1213 363 et
1241 330 1371 377 grata
1397 323 1668 364 Alexandro.

203 383 371 436 Ecquid
424 389 472 421 tu
529 380 742 421 eiusmodi
799 382 999 433 reperis?
1056 378 1177 417 Mihi
1227 377 1406 431 quidem
1459 380 1572 418 nihil
1623 381 1670 418 in

200 446 391 478 mentem
433 439 567 477 venit.
656 435 784 488 Quod
824 436 981 475 scribis
1024 440 1068 474 te
1111 436 1285 480 vereri,
1343 447 1398 473 ne
1441 439 1484 473 et
1527 437 1670 489 gratia

201 500 244 533 et
286 494 526 532 auctoritas
569 500 721 531 nostra
762 492 842 530 hoc
884 503 980 530 meo
1024 502 1224 529 maerore
1270 490 1516 529 minuatur:
1571 502 1668 545 ego,

199 548 305 601 quid
355 548 553 587 homines
603 554 680 587 aut
721 545 1045 598 reprehendant
1087 551 1161 584 aut
1201 546 1447 597 postulent,
1504 548 1666 585 nescio.

198 603 268 642 Ne
306 603 500 643 doleam?
544 601 632 655 Qui
670 604 839 655 potest?
885 615 939 641 ne
980 602 1173 639 iaceam?
1215 600 1324 652 Quis
1362 612 1554 652 unquam
1583 602 1668 640 mi-

198 661 311 698 nus?
354 657 471 696 Dum
506 663 582 697 tua
616 671 684 696 me
724 656 876 696 domus
906 657 1106 705 levabat,
1149 657 1249 708 quis
1280 669 1304 694 a
1333 668 1402 694 me
1432 655 1667 695 exclusus?
1713 705 1718 708 X

199 715 298 767 quis
326 715 471 763 venit,v
496 715 572 766 qui
604 712 927 753 offenderetur?
957 713 1163 750 Asturam
1189 723 1284 749 sum
1306 724 1331 749 a
1356 715 1399 748 te
1427 711 1666 764 profectus.

195 770 373 825 Legere
402 770 477 808 isti
508 770 632 815 laeti,
678 770 756 821 qui
793 781 862 807 me
900 764 1251 820 reprehendunt,
1297 771 1385 804 tam
1415 766 1552 805 multa
1579 779 1668 805 non

228 831 402 875 ossum,
443 837 573 877 quam
610 835 688 876 ego
728 823 900 875 scripsi.
962 822 1103 874 Quam
1144 821 1272 868 bene,
1318 819 1428 860 nihil
1465 819 1520 860 ad
1558 834 1665 861 rem.

195 838 283 920 ged
321 892 459 934 genus
497 877 724 920 scribendi
763 877 809 917 id
846 878 948 924 fuit,
995 875 1112 929 quod
1151 888 1277 915 nemo
1315 877 1483 915 abiecto
1519 878 1666 917 animo

195 938 342 976 facere
371 940 528 989 posset.
587 934 793 988 Triginta
823 932 914 971 dies
944 933 991 970 in
1025 931 1163 970 hortis
1193 932 1272 970 fui.
1332 931 1443 983 Quis
1466 937 1544 971 aut
1565 945 1666 972 con-

194 1002 395 1044 gressum
426 1003 572 1029 meum
601 995 677 1029 aut
698 989 954 1027 facilitatem
971 988 1183 1027 sermonis
1206 984 1503 1026 desideravit?
1532 987 1665 1026 Nunc

194 1048 341 1097 ipsum
372 1057 422 1084 ea
451 1046 561 1100 lego,
592 1057 643 1083 ea
673 1044 847 1093 scribo,
895 1049 946 1083 ut
973 1044 1031 1092 ii,
1077 1043 1154 1095 qui
1183 1055 1353 1081 mecum
1384 1047 1508 1091 sunt,
1549 1040 1666 1082 diffi-

151 1100 325 1147 3cilius
357 1102 500 1140 otium
529 1101 688 1149 ferant,
720 1112 851 1153 quam
881 1111 959 1152 ego
989 1098 1193 1137 laborem.
1254 1097 1303 1137 Si
1329 1098 1426 1150 quis
1456 1099 1664 1150 requirit,

193 1168 277 1196 cur
304 1155 465 1195 Romae
493 1168 582 1194 non
611 1156 716 1195 sim:
748 1155 854 1207 quia
882 1153 1098 1193 discessus
1128 1159 1204 1192 est.
1265 1152 1357 1193 Cur
1385 1165 1474 1191 non
1505 1155 1587 1192 sim
1617 1155 1664 1192 in

193 1212 250 1250 iis
279 1212 389 1251 meis
420 1209 679 1263 praediolis,
726 1222 837 1262 quae
868 1215 970 1248 sunt
1000 1209 1129 1248 huius
1159 1209 1388 1261 temporis:
1438 1209 1542 1261 quia
1575 1208 1663 1248 fre-

190 1268 415 1320 quentiam
445 1266 568 1305 illam
598 1278 686 1304 non
716 1266 847 1304 facile
876 1267 1052 1304 ferrem.
1113 1263 1180 1302 Ibi
1202 1276 1296 1302 sum
1323 1264 1478 1317 igitur,
1508 1263 1585 1303 ubi
1607 1265 1661 1313 is,

194 1322 276 1375 qui
316 1322 504 1375 optimas
538 1320 667 1360 Baias
706 1320 912 1367 habebat,
961 1320 1190 1373 quotannis
1229 1319 1314 1358 hoc
1352 1325 1523 1373 tempus
1561 1331 1664 1359 con-

192 1463 275 1499 etsi.
296 1482 344 1489 —
367 1463 629 1512 Ἀριστοτέλους
653 1463 802 1497 librum
829 1467 908 1510 περὶ
934 1463 1122 1510 βασιλείας
1146 1464 1193 1498 ad
1208 1463 1489 1499 Alexandrum.
1517 1463 1554 1498 S.
1570 1466 1662 1498 Am-

190 1512 348 1546 monius
374 1513 415 1546 in
442 1514 524 1547 vita
556 1511 780 1546 Aristotelis
807 1525 843 1546 u.
869 1511 955 1546 Cic.
982 1512 1028 1546 ad
1060 1513 1177 1547 Attio.
1204 1511 1307 1554 XIII,
1335 1516 1389 1549 18.
1416 1531 1463 1538 —-
1504 1511 1662 1555 Θεοπόμ-

188 1573 279 1600 που,
324 1560 432 1594 eines
458 1561 643 1596 Sohiilers
676 1571 767 1594 vom
794 1560 987 1595 Isokrates
1025 1573 1063 1594 u.
1102 1560 1553 1596 Geschichtschreibers.
1602 1562 1661 1595 Er

188 1608 294 1642 hatte
330 1608 538 1654 συμβουλάς
572 1609 607 1642 d.
636 1609 662 1642 i.
700 1609 893 1643 suasiones
927 1608 976 1642 ad
1001 1609 1267 1643 Alexandrum
1302 1608 1568 1656 geschrieben.
1620 1608 1657 1643 S.

188 1655 412 1690 Athenaeus
430 1656 693 1702 Deipnosoph.
721 1656 747 1690 l.
774 1659 807 1692 6.
837 1669 871 1691 u.
901 1659 957 1691 13.
985 1675 1030 1682 -
1056 1657 1205 1692 honesta
1231 1662 1330 1697 esset,
1358 1656 1465 1691 Ehre
1492 1656 1659 1692 machte.

188 1723 233 1730 —
251 1707 441 1750 postulent
465 1717 485 1738 a
512 1717 587 1739 me.
606 1723 653 1729 -—
673 1703 728 1737 Ne
753 1706 907 1745 doleam,
934 1705 1098 1738 fordern
1119 1705 1175 1739 sie
1203 1711 1316 1747 etwa,
1344 1705 1424 1738 dass
1452 1704 1517 1738 ich
1545 1705 1660 1740 nicht

187 1758 349 1786 trauern
376 1753 517 1786 sollte?
543 1772 591 1778 -
620 1750 696 1795 Qut*
710 1758 846 1796 potest,
874 1753 952 1787 wie
979 1753 1029 1786 ist
1054 1753 1117 1786 das
1144 1752 1348 1800 mb'glich?
1375 1753 1412 1788 S.
1439 1752 1659 1786 Ramshorn

189 1799 221 1842 ξ.
250 1802 332 1842 192,
360 1800 404 1839 A,
431 1804 462 1835 1.
500 1820 544 1826 —
580 1814 624 1835 ne
649 1803 813 1843 iaceam,
850 1800 917 1834 ich
950 1800 1064 1834 sollte
1099 1801 1211 1835 nicht
1243 1813 1291 1833 zu
1325 1801 1456 1835 Boden
1497 1800 1658 1846 liegen?

185 1851 540 1884 iacereznsmffaz.
556 1868 604 1874 ——
623 1852 742 1882 minus
768 1849 917 1882 iacuit?
945 1848 1195 1883 iacuerit?—
1214 1849 1340 1883 domus
1366 1850 1519 1889 levabat.
1546 1848 1659 1882 Nach

187 1896 368 1930 Tulliens
396 1897 501 1931 Tode
537 1897 642 1931 hielt
674 1896 758 1930 sich
786 1897 924 1931 Cicero
960 1896 1064 1930 beim
1092 1897 1250 1931 Attikus
1276 1899 1347 1930 auf
1368 1897 1503 1930 dessen
1530 1897 1658 1930 Land-

186 1944 305 1978 hause
332 1944 375 1978 in
403 1945 474 1979 der
498 1945 610 1979 N'zihe
637 1955 714 1979 von
741 1944 837 1978 Rom
867 1945 944 1978 auf.
970 1962 1017 1969 —-
1054 1947 1227 1986 exclusus,
1256 1945 1369 1979 nicht
1394 1944 1653 1992 vorgelassen.

186 2009 233 2018 —
260 1990 520 2036 offenderetur,
548 1993 673 2027 durch
700 1993 790 2026 iible
817 1991 1040 2026 Aufnahme
1068 1993 1260 2040 beleidigt
1285 1993 1433 2028 wurde.
1485 1992 1559 2026 Md.
1587 1992 1653 2026 Cd.

185 2040 369 2074 Tornaes.
398 2041 518 2076 oxon.
545 2045 580 2076 1.
608 2043 691 2076 Asc.
721 2044 751 2075 1.
779 2039 988 2084 offenderet.
1043 2042 1116 2077 ΟΒ.
1144 2060 1185 2068 -
1213 2044 1316 2082 laeti,
1346 2039 1566 2082 hb'hnisch;
1594 2041 1652 2074 in-

186 2090 322 2122 eofern
347 2089 403 2123 sie
429 2090 686 2138 verlangten,
728 2089 811 2123 dass
847 2100 890 2123 er
924 2088 1101 2123 frohlich
1134 2090 1219 2125 sein
1256 2089 1380 2124 sollte.
1408 2108 1452 2114 -—
1498 2101 1562 2134 ego
1597 2088 1654 2121 ibi

186 2139 330 2182 scripsi.
356 2156 404 2162 —
439 2138 522 2172 hene
554 2137 790 2182 scripserim.
816 2155 862 2163 —
897 2140 993 2184 quod
1014 2150 1117 2172 nemo
1142 2164 1150 2171 .
1178 2167 1187 2175 .
1208 2143 1351 2183 posset,
1389 2136 1468 2170 dass
1494 2136 1652 2178 Keiner,

188 2184 258 2218 der
283 2184 367 2219 sich
394 2186 638 2234 aufgegeben
664 2185 750 2227 hat,
776 2185 1046 2233 Dergleichen
1072 2187 1298 2225 anfertiffen
1324 2185 1445 2219 kann.
1473 2202 1516 2209 —
1551 2185 1655 2219 Nunc

186 2234 328 2278 ipsum,
364 2233 446 2267 und
472 2234 528 2267 bis
556 2235 626 2267 auf
657 2234 759 2268 diese
785 2233 944 2268 Stunde.
980 2247 1074 2268 nunc
1098 2237 1161 2268 ubi
1183 2226 1262 2269 ,ςιῖἶη
1297 2233 1435 2275 ‚‚Alii“
1461 2233 1504 2266 in
1529 2232 1652 2281 Marg.

184 2283 290 2317 1584.
339 2281 414 2315 ΟΒ.
443 2299 485 2306 -
513 2281 707 2327 ᾱιζῇᾔςίἷίαε
732 2310 740 2317 .
767 2309 775 2317 .
803 2307 811 2315 .
831 2281 978 2327 ferant,
1003 2282 1338 2318 beschwerlicher
1361 2281 1508 2315 finden.

278 2359 311 2392 3.
363 2360 521 2402 requirit
546 2372 569 2392 α
594 2363 628 2392 te
654 2358 736 2392 Asc.
766 2362 797 2393 1.
825 2357 927 2394 Crat.
959 2359 1031 2394 OR.
1059 2359 1161 2393 Eine
1178 2359 1324 2394 Glosse.
1352 2357 1520 2393 Warum
1541 2355 1653 2390 nicht

184 2418 207 2438 a
235 2405 319 2439 me?
343 2424 390 2430 —-
417 2407 651 2450 respondeo,
689 2410 776 2453 quia
801 2407 886 2442 disc.
913 2412 977 2446 est,
1005 2408 1099 2442 weil
1126 2407 1204 2442 wir
1229 2408 1373 2441 Ferien
1399 2405 1536 2441 haben.
1564 2406 1589 2438 i.
1618 2416 1650 2440 e.

184 2459 338 2498 teinpus
364 2452 580 2495 aestivum,
624 2465 756 2488 versus
783 2455 868 2488 Kal.
896 2454 1045 2497 Quint,
1081 2466 1156 2499 quo
1184 2454 1424 2489 senatoribus
1452 2453 1650 2487 discedere

183 2501 326 2534 licebat
352 2508 390 2535 et
417 2512 483 2534 rus
509 2509 654 2546 petere.
684 2522 726 2527 -
754 2507 794 2537 in
822 2507 880 2538 iis.
909 2501 974 2536 Sic
1000 2503 1152 2548 scripsi.
1180 2503 1236 2537 his
1262 2503 1360 2537 Cett.
1392 2502 1464 2534 ΟΒ.
1486 2520 1534 2526 -
1560 2513 1650 2547 quae

181 2554 267 2582 sunt
291 2549 327 2582 h.
353 2554 482 2594 temp„
520 2550 583 2583 die
610 2550 695 2583 sich
722 2550 851 2586 besser
876 2552 942 2583 fiir
969 2551 1074 2586 diese
1102 2551 1293 2586 lahrszeit
1317 2549 1516 2583 schicken.
1577 2548 1648 2582 Re-

181 2597 372 2641 spondeo:
401 2600 489 2643 qaia
509 2598 747 2644 cet—freq.
768 2602 884 2639 illam,
913 2598 976 2632 die
991 2599 1362 2646 Menschenmenge,
1388 2597 1649 2643 Volksmenge

180 2645 281 2678 ‹lort.
317 2663 364 2670 —
405 2646 458 2679 ihi
481 2658 562 2679 sum
590 2648 731 2692 igitur,
770 2648 813 2680 in
848 2647 999 2681 Antiati
1032 2647 1192 2692 praedio
1228 2645 1440 2680 maritimo.
1475 2645 1577 2678 SCH.
1604 2661 1651 2669 -·

180 2694 305 2733 Baias,
340 2705 389 2726 zu
417 2692 505 2726 Bais
541 2693 616 2729 den
644 2695 851 2728 schb'nsten
876 2695 1074 2729 Landsitz.
1102 2694 1192 2729 Sch.
1225 2707 1323 2739 susp.
1350 2695 1527 2727 Baianas.
1575 2691 1650 2726 Sed

180 2742 325 2773 confer.
352 2740 506 2775 Tibulli
532 2744 567 2785 3,
595 2744 629 2785 5,
655 2746 697 2778 3:
725 2745 905 2779 Baiarum
931 2747 1105 2780 maxima.
1137 2744 1213 2778 ΟΒ.
1240 2744 1406 2788 Popmae
1429 2741 1554 2775 visum
1582 2746 1648 2775 est,
