1795 3081
327 71 646 122 EPISTOLA
684 71 969 121 DLXXXV.
1010 72 1320 121 DLXXXVI.
1474 78 1569 122 329

108 197 359 248 occupavit:
420 192 537 249 quod
586 192 760 247 quidem
811 192 936 231 facile
991 194 1149 245 patior.
1235 193 1567 246 Verumtamen,

109 249 223 302 quod
255 252 381 300 mihi,
427 262 592 289 summo
629 248 839 288 beneficio
879 261 993 292 meo,
1041 262 1198 304 magna
1229 261 1326 289 cum
1357 251 1568 291 fratribus

106 307 224 343 illius
257 303 529 345 necessitudo
559 310 636 350 est,
669 305 810 342 invito
841 315 939 341 eum
971 316 1050 355 per
1080 304 1249 352 literas,
1281 310 1332 344 ut
1359 305 1474 358 apud
1500 321 1567 345 me

108 359 377 400 deversetur.
444 359 511 399 Ad
549 372 641 398 eam
684 371 778 397 rem
819 369 951 410 quum
995 359 1214 397 mitterem
1254 359 1564 412 Alexandrum,

108 415 183 452 llas
213 417 252 454 ei
282 414 384 455 dedi
415 415 578 455 literas.
655 413 761 454 Cras
802 414 944 466 igitur
979 415 1125 452 auctio
1150 412 1380 455 Peducaei:
1433 422 1607 469 quum3

106 472 272 522 poteris
303 483 432 524 ergo3
483 471 562 509 etsi
591 467 802 522 impediet
830 468 1013 506 fortasse
1043 469 1269 514 Faberius,
1320 471 1394 510 sed
1422 477 1566 512 tamen

106 538 240 577 quum
270 526 432 566 licebit.
489 525 730 576 Dionysius
759 528 907 561 noster
936 525 1134 576 graviter
1163 527 1388 577 queritur,
1431 533 1473 566 et
1501 533 1607 572 ’ta-4

105 594 204 619 meu
245 582 363 629 iure,
417 594 441 619 a
480 578 709 633 discipulis
746 577 895 618 abesse
931 583 1019 616 tam
1061 577 1152 618 diu.
1222 578 1381 621 Multis
1419 584 1567 622 verbis

106 637 285 688 scripsit
314 635 367 674 ad
396 648 486 685 me,
525 633 656 674 credo
687 635 793 673 item
822 631 875 672 ad
905 637 960 672 te.
1029 632 1146 673 Mihi
1179 633 1357 687 quidem
1387 637 1567 678 videtur

106 692 234 728 etiam
265 690 427 730 diutius
455 693 674 730 afuturus.
733 688 798 729 Ac
828 689 1011 739 nollem3
1040 688 1165 730 valde
1195 692 1314 730 enim
1344 692 1565 733 hominem

106 744 321 786 desidero.

200 848 514 899 EPISTOLA
549 850 870 901 DLXXXVI.
922 849 1003 908 (ad
1038 850 1192 898 Attic.
1227 849 1359 900 XlII.
1395 854 1466 913 3.)

150 926 232 960 Ser.
262 926 303 960 in
328 927 547 961 Tusculano
574 927 680 963 Vm.
709 927 794 961 Kal.
821 927 947 970 Quint.
975 927 1016 960 A.
1046 927 1091 961 [J.
1121 927 1159 964 0.
1185 931 1266 967 709.
1307 931 1356 971 (a.
1376 931 1416 965 c.
1441 932 1519 972 45.)

103 985 158 1020 De
174 987 395 1021 nominibus
406 987 452 1021 ad
466 987 597 1022 hortos
614 987 793 1021 emendos
809 986 1079 1032 expediendi53
1096 987 1142 1022 de
1151 989 1263 1023 Bruti
1274 989 1450 1028 adventu,
1461 995 1564 1029 1—2.

613 1046 791 1081 CICERO
818 1046 997 1080 ATTICO
1024 1047 1061 1082 S.

212 1107 249 1147 A
278 1114 322 1148 te
352 1109 499 1148 literas
530 1108 858 1161 exspectabam3
890 1107 1082 1147 nondum
1111 1110 1297 1151 scilicet.
1343 1110 1456 1151 Nam
1489 1113 1567 1154 has

105 1183 305 1218 Weiteres
331 1185 385 1217 als
412 1183 481 1217 der
507 1182 847 1218 Staatsbewirther
872 1184 972 1217 aller
997 1184 1189 1218 Fremden
1214 1185 1467 1235 bem'eichtigt.
1498 1202 1568 1234 pa-

104 1232 232 1266 rochae
256 1232 447 1278 (παροχαί)
468 1233 636 1276 publicae
663 1239 750 1265 sunt
774 1231 909 1271 lautia,
937 1243 1033 1275 quae
1056 1232 1195 1280 legatis
1213 1241 1434 1268 exterarum
1463 1237 1568 1271 nati-

105 1290 224 1312 onum
252 1287 288 1313 et
314 1280 401 1313 aliis
427 1287 561 1313 senatu
589 1281 826 1313 decernente
850 1279 1056 1324 praebebat
1081 1280 1265 1322 Quaestor
1296 1283 1484 1325 urbanus,
1524 1291 1569 1319 ut

104 1327 172 1360 hic
197 1328 237 1361 Ι..
274 1326 429 1362 Sestius,
490 1327 671 1361 parochus
695 1328 863 1372 publicus
911 1327 1006 1367 (wie
1032 1328 1187 1362 Andere
1222 1329 1346 1373 lesen)
1381 1336 1453 1374 est,
1496 1332 1566 1377 qui

103 1375 263 1419 praebet
290 1376 433 1417 lautia,
462 1382 554 1419 puta
583 1376 740 1408 domum
768 1382 805 1408 et
832 1375 963 1408 omnia
989 1376 1035 1408 ad
1061 1376 1211 1410 victum
1239 1379 1453 1412 necessaria
1479 1391 1566 1414 mu-

104 1434 209 1456 nera.
260 1424 343 1456 Nec
368 1423 410 1455 in
436 1423 530 1457 urbe
565 1430 738 1463 tantum,
783 1423 847 1456 sed
884 1423 1001 1456 etiam
1040 1423 1083 1456 in
1115 1425 1334 1468 provinciis
1361 1427 1565 1470 Parochus,

104 1471 173 1514 qui
199 1470 485 1517 magistratibus
512 1470 819 1514 provincialibus
848 1470 924 1504 iter
948 1470 1183 1505 facientibus
1215 1474 1394 1520 lignum,
1421 1475 1567 1516 oleum,

104 1519 241 1559 salem,
266 1517 448 1551 vehicula
475 1518 692 1563 praebebat.
744 1518 917 1552 POPMA.
941 1537 986 1542 —
1013 1523 1225 1564 occupavit,
1265 1524 1471 1566 praevenit
1504 1535 1566 1559 me

103 1564 248 1598 Sestius
275 1566 359 1598 loca
386 1573 423 1599 et
450 1566 570 1600 lautia
597 1566 813 1610 praebendo
840 1567 943 1599 iussu
970 1574 1132 1606 senatus,
1158 1574 1203 1602 ut
1228 1569 1375 1604 solebat
1391 1570 1481 1604 fieri
1507 1572 1566 1606 le-

103 1613 201 1659 gatis
249 1619 496 1646 externorum
545 1614 782 1658 populorum
832 1619 868 1647 et
908 1615 1062 1660 regibus
1101 1615 1263 1650 Romam
1306 1618 1564 1653 venientibus.

101 1661 300 1694 Assentior
326 1662 430 1694 enim
459 1662 520 1701 iis,
548 1663 614 1705 qui
642 1662 816 1695 scribunt
839 1663 1013 1706 parochis
1036 1664 1208 1708 puhlicis,
1234 1671 1423 1710 παροχαῒς.
1452 1667 1567 1701 GRO-

102 1707 215 1741 NOV.
247 1727 288 1732 —
315 1721 456 1742 summo
481 1710 649 1753 hemficio
675 1722 773 1750 meo,
818 1711 1002 1757 verm'oge
1038 1710 1191 1745 meiner
1220 1713 1440 1762 wichhigen
1466 1715 1566 1750 Ver-

104 1756 250 1790 dienste
275 1768 341 1790 um
369 1758 431 1790 sie.
483 1758 580 1790 Nam
610 1757 911 1790 Ariobarzanem
951 1758 1033 1791 eius
1067 1760 1256 1802 fratrem,
1300 1761 1566 1806 Cappadociae

102 1816 250 1852 reg-em,
277 1806 541 1848 praesentibus
557 1805 708 1837 insidiis
725 1816 798 1838 nec
822 1806 1047 1849 opinantem
1067 1806 1303 1842 liberaverat
1322 1821 1566 1856 regnumque

104 1852 140 1885 ei
167 1859 397 1887 servaverat.
426 1852 614 1887 MANUT.
644 1853 732 1887 Vid.
749 1864 807 1896 ep.
824 1855 905 1888 219.
931 1855 1011 1888 220.
1040 1856 1120 1889 238.
1148 1867 1209 1891 wo
1236 1868 1312 1889 nur
1340 1859 1567 1893 einBruder

104 1899 282 1932 erw'zilint
308 1900 419 1934 wird.
452 1901 585 1934 Allein
615 1900 714 1932 nach
742 1901 1039 1934 orientalischer
1056 1902 1155 1936 Sitte
1181 1903 1330 1938 konnte
1359 1917 1401 1938 er
1428 1906 1566 1941 mehre

104 1948 350 1980 Halbbriider
375 1948 514 1990 haben,
541 1948 602 1982 die
631 1948 671 1980 in
695 1947 881 1981 Hinsicht
908 1952 976 1982 auf
998 1950 1062 1983 die
1084 1950 1325 1998 Thronfolge
1353 1953 1392 1984 in
1419 1953 1566 1987 keinen

101 1994 283 2028 Betracht
330 1995 483 2030 kamen.
539 2015 572 2020 —
627 1997 846 2036 deversetur,
893 1997 1108 2038 einkehre‚
1157 1999 1292 2032 seinen
1335 2000 1567 2036 Aufenthalt

104 2042 257 2076 nehme.
286 2042 352 2076 Sic
377 2043 449 2078 Md.
479 2044 610 2078 Lamb.
640 2043 726 2079 Sch.
756 2044 854 2078 Liin.
882 2045 1091 2079 diversetur.
1121 2045 1219 2081 Cett.
1253 2048 1390 2082 OR.—
1410 2051 1567 2084 Alexan-

102 2093 221 2132 drum,
247 2091 436 2124 libertum
463 2099 501 2126 et
527 2092 781 2126 tabellarium
802 2093 1012 2127 Ciceronis.
1033 2113 1073 2119 —
1100 2094 1166 2128 has
1193 2119 1201 2128 .
1229 2120 1238 2128 .
1265 2097 1405 2139 literas,
1432 2098 1565 2132 diesen

102 2139 214 2172 Brief
237 2150 284 2171 an
310 2138 426 2172 Dich.

195 2189 303 2221 3—4.
329 2190 450 2221 auctio
465 2187 647 2230 Peducaei,
666 2188 729 2221 cui
747 2197 905 2232 operam
926 2187 1017 2222 dare
1032 2189 1183 2223 Atticus
1195 2190 1359 2228 volebat.
1380 2192 1562 2227 MANUT.

102 2233 137 2269 S.
165 2245 224 2279 ep.
252 2236 322 2270 580
349 2248 384 2268 u.
412 2238 494 2278 581,
521 2240 553 2271 1.
580 2256 627 2262 --
666 2248 776 2282 quum
799 2239 941 2281 poteris
966 2249 1053 2281 ergo
1079 2238 1162 2270 scil.
1189 2239 1235 2272 ad
1262 2252 1324 2275 me
1349 2241 1492 2275 venies.
1518 2260 1566 2266 ·—-

102 2285 170 2316 etsi
194 2290 231 2316 te
257 2283 429 2328 impediet
445 2284 612 2328 fortasse
638 2285 814 2318 Faberius
849 2285 872 2317 i.
901 2295 930 2318 e.
969 2286 1119 2318 exactio
1146 2287 1318 2321 nominis
1344 2289 1564 2323 Faber-iani.

103 2349 146 2355 —
173 2330 234 2363 sed
254 2335 374 2364 tamen
394 2333 526 2366 venies
542 2345 651 2378 quum
671 2333 802 2366 licebit.
818 2351 864 2357 --
884 2334 1097 2377 Dionysius,
1125 2334 1199 2368 mit
1215 2336 1409 2371 welchem
1427 2336 1564 2371 Cicero

101 2377 255 2417 iedoch,
282 2379 381 2412 nach
409 2380 482 2414 den
509 2382 669 2415 Briefen
698 2382 739 2413 in
767 2380 802 2412 d.
831 2381 955 2426 vorig.
983 2381 1161 2423 minden,
1196 2383 1317 2417 schon
1346 2385 1446 2418 o'fter
1480 2396 1565 2417 zer-

101 2425 225 2458 sallen
253 2437 344 2462 war.
391 2426 426 2461 S.
454 2440 510 2472 ep.
538 2431 619 2464 353.
646 2431 725 2464 619.
754 2429 833 2462 655.
861 2447 907 2452 -
943 2442 965 2461 α
991 2429 1182 2474 discipulis
1207 2442 1284 2464 non
1312 2432 1565 2465 Ciceronibus

102 2473 215 2514 filiis,
257 2485 420 2517 quorum
457 2478 557 2510 alter
584 2484 667 2510 erat
697 2477 738 2508 in
766 2476 971 2519 Hispania,
1011 2477 1111 2510 alter
1137 2478 1323 2517 Athenis;
1368 2479 1428 2512 sed
1458 2492 1476 2512 a
1505 2491 1565 2513 me

103 2522 186 2564 ipso
208 2526 244 2554 et
261 2522 360 2562 aliis,
388 2534 481 2566 quos
500 2524 628 2558 habet.
657 2522 843 2557 MAMUT.
871 2536 907 2557 se
933 2537 955 2556 a
982 2524 1113 2558 Lamb.
1140 2526 1270 2559 Etiam
1297 2527 1392 2560 ΕΠ).
1420 2540 1453 2561 sc
1479 2534 1566 2572 post

101 2581 136 2602 v.
168 2569 284 2602 abesse
312 2570 499 2604 excidisse
526 2571 695 2615 putabat.
728 2572 800 2604 oR.
818 2590 863 2595 —-
888 2573 940 2605 Ac
964 2574 1108 2614 nollem,
1135 2573 1216 2606 und
1241 2574 1433 2608 wirklich
1459 2575 1565 2608 th'zite

102 2617 180 2649 mir
217 2617 291 2649 Das
328 2617 418 2650 leid.
448 2638 462 2643 -
489 2620 663 2662 afuturus
699 2632 740 2651 ac
774 2622 899 2652 vellem
943 2620 1101 2656 Corrad,
1146 2633 1244 2665 susp.
1280 2621 1388 2667 prob.
1434 2623 1565 2656 Lamb.

103 2666 144 2696 in
183 2664 295 2697 Cur-is
332 2678 405 2699 sec.
460 2667 516 2701 De
553 2668 806 2701 distinctione
852 2669 920 2702 cfr.
959 2669 1068 2702 Haud
1108 2669 1254 2703 Turscll.
1283 2675 1314 2704 1.
1361 2680 1445 2717 pag.
1483 2673 1564 2706 473.

110 2713 299 2746 ‹JRLLLL
