1795 3081
547 45 867 97 EPISTOLA
903 47 1083 95 DLIII.
1449 51 1546 100 279

86 178 136 211 ut
165 171 287 210 nulla
317 171 488 210 ratione
517 169 570 208 ab
601 169 679 206 illa
709 168 889 206 miseria
919 181 963 207 se
990 169 1164 221 eripere
1182 176 1340 221 posset.
1385 169 1585 211 Eademz

88 240 217 266 causa
246 228 339 265 fere
368 231 433 265 est
462 224 524 263 M.
556 224 698 262 Planii
728 222 934 273 Heredis,
975 225 1051 275 qui
1093 230 1157 263 est
1194 226 1299 264 item
1342 224 1545 277 Calenus,

83 283 251 335 Leptae
295 281 437 319 nostri
476 279 861 318 familiarissimus.
928 277 1076 316 Hosce
1115 280 1256 334 igitur
1293 281 1421 320 ambo
1460 282 1545 320 tibi

86 338 148 376 sic
179 334 449 384 commendo,
485 340 534 373 ut
563 336 730 372 maiore
761 346 881 382 cura,
921 332 1083 383 studio,
1119 335 1421 376 sollicitudine
1450 338 1544 375 ani-

85 394 147 431 mi
179 389 483 439 commendare
512 401 599 427 nou
630 389 806 441 possim.
865 387 984 426 Volo
1026 390 1224 440 ipsorum
1263 403 1413 430 causa:
1453 405 1545 431 me-

86 460 170 499 que
200 448 246 484 in
277 459 327 485 eo
358 445 642 485 vehementer
684 449 727 482 et
768 444 966 482 amicitia
1007 450 1155 483 movet
1198 451 1242 483 et
1283 445 1543 486 humanitas.

84 503 227 554 Lepta
254 513 362 540 vero
393 514 526 552 quum
555 500 618 537 ita
648 499 834 545 laboret,
874 505 924 537 ut
953 499 1046 537 eius
1076 501 1282 539 fortunae
1310 501 1546 541 videantur

84 557 130 595 in
161 557 397 595 discrimen
434 556 604 604 venire,
644 567 731 592 non
766 567 941 606 possum
983 567 1062 609 ego
1103 567 1191 594 non
1229 561 1305 594 aut
1343 559 1545 609 proxime

83 618 215 664 atque
256 612 335 650 ille
373 616 449 650 aut
490 611 623 648 etiam
663 622 799 661 aeque
835 609 1053 649 laborare.
1123 609 1418 663 Quapropter,
1463 614 1545 652 etsi

83 679 212 719 saepe
242 671 446 718 expertus
483 678 594 715 sum,
639 671 849 717 quantum
875 678 944 704 me
974 678 1158 715 amares,
1202 672 1348 705 tamen
1379 669 1441 705 sic
1469 681 1544 707 ve-

82 723 163 760 lim
193 722 277 760 tibi
306 719 583 773 persuadeas,
614 719 660 758 id
689 733 758 758 me
780 720 824 758 in
845 719 927 758 hac
944 733 993 758 re
1014 722 1203 760 maxime
1225 720 1541 762 iudicaturum.

82 776 188 816 Peto
218 778 360 831 igitur
388 789 412 814 a
442 782 485 814 te
513 776 601 826 vel,
631 777 667 814 si
698 776 879 828 pateris,
919 789 1015 826 oro,
1052 781 1102 814 ut
1132 776 1329 816 homines
1360 777 1584 817 miserosss

83 838 127 871 et
155 834 350 881 fortuna,
380 844 510 883 quam
538 833 683 870 vitare
714 844 840 870 nemo
870 837 1029 884 potest,
1060 833 1213 886 magis,
1255 845 1385 884 quam
1414 834 1543 885 culpa

81 888 360 925 calamitosos
391 899 623 925 conserves
653 887 920 925 incolumes:
952 887 1150 938 velisque
1180 900 1259 939 per
1288 893 1331 926 te
1361 901 1429 926 me
1459 888 1543 926 hoc

80 943 276 981 muneris
307 955 440 994 quum
470 943 574 994 ipsis
604 943 757 980 amicis
786 941 1052 991 hominibus,
1084 948 1176 980 tum
1206 944 1448 995 municipio
1464 942 1544 983 Ca-

80 997 196 1047 leno,
241 1010 428 1049 quocum
458 997 568 1034 mihi
598 1010 755 1052 magna
796 996 1073 1036 necessitudo
1116 1004 1194 1047 est,
1238 1004 1331 1036 tum
1360 999 1542 1050 Leptae,

78 1065 206 1104 quem
238 1053 439 1091 omnibus
467 1059 701 1104 antepono,
733 1051 851 1091 dare.
911 1051 1037 1103 Quod
1067 1051 1267 1091 dicturus
1296 1067 1407 1104 sum,
1436 1059 1542 1106 puto
1561 1052 1583 1090 4

80 1106 280 1159 equidem
319 1121 406 1145 non
445 1107 574 1146 valde
612 1107 666 1145 ad
706 1121 799 1146 rem
840 1109 1079 1160 pertinere,
1131 1107 1205 1147 sed
1248 1114 1393 1148 tamen
1430 1108 1543 1147 nihil

79 1164 204 1201 obest
233 1161 395 1202 dicere.
455 1163 539 1201 Res
570 1163 805 1200 familiaris
847 1163 979 1202 alteri
1021 1176 1175 1202 eorum
1213 1163 1344 1202 valde
1384 1165 1543 1218 exigua

80 1224 159 1267 est,
189 1218 322 1256 alteri
350 1219 426 1255 vix
458 1220 686 1269 equestris.
747 1217 1030 1271 Quapropter·
1059 1220 1268 1270 quoniam
1298 1220 1352 1257 iis
1384 1219 1544 1258 Caesar

77 1275 216 1312 w'tam
246 1286 323 1311 sua
353 1273 625 1312 liberalitate
657 1275 873 1312 concessit
902 1287 981 1312 nec
1012 1280 1091 1323 est,
1123 1273 1241 1326 quod
1265 1275 1319 1312 iis
1344 1280 1541 1326 praeter-

75 1342 127 1368 ea
166 1341 323 1382 magno
368 1340 502 1380 opere
544 1329 683 1381 possit
723 1327 881 1378 adimi,
928 1328 1146 1378 reditum,
1189 1330 1227 1368 si
1263 1343 1332 1368 me
1373 1336 1543 1368 tantum

77 1466 221 1500 electus
249 1465 471 1510 Hispaniam
499 1466 689 1499 Baeticam
717 1479 736 1500 a
759 1467 916 1500 Caesare
949 1466 1192 1507 abalienavfl,
1222 1467 1362 1500 deinde
1388 1480 1426 1502 se
1454 1480 1541 1501 cum

76 1515 141 1547 Cn.
170 1514 348 1557 Pompeio
377 1514 501 1561 Magni
536 1514 619 1547 filio
656 1515 866 1548 coniunxit.
908 1514 991 1546 vid.
1033 1515 1142 1548 Dion.
1182 1515 1279 1549 Cass.
1317 1516 1456 1556 XLIII,
1497 1519 1543 1551 29

74 1573 152 1605 seq.
191 1561 286 1594 Eius
314 1562 517 1594 interitum
544 1568 676 1595 narrat
702 1568 836 1596 auctor
862 1563 907 1596 de
933 1562 1042 1595 Bello
1071 1562 1231 1607 Hispan.
1261 1575 1292 1596 c.
1318 1567 1375 1598 33.
1404 1565 1507 1597 SC'H.

170 1622 202 1655 2.
255 1622 302 1655 M.
344 1620 495 1655 Planius
533 1624 654 1660 Heres,
690 1622 751 1656 ein
782 1623 882 1656 bloss
916 1635 979 1655 aus
1020 1622 1144 1655 dieser
1175 1621 1296 1656 Stelle
1331 1623 1544 1657 bekannter

78 1669 302 1702 R'o'mischer
335 1669 658 1704 Landedelmann.
697 1690 739 1695 —
789 1671 876 1704 Volo
911 1673 1025 1713 ip'sor.
1062 1683 1183 1711 eausa,
1222 1670 1287 1703 ich
1326 1671 1392 1703 bin
1423 1672 1543 1705 ihnen

77 1722 159 1763 gut,
188 1717 329 1750 nehme
355 1717 462 1750 mich
490 1719 609 1752 sehon
637 1730 701 1751 um
730 1718 841 1752 ihrer
866 1718 981 1752 selbst
1007 1718 1143 1751 willen
1170 1718 1238 1751 der
1263 1717 1382 1753 Sache
1407 1731 1467 1755 an,
1494 1738 1542 1744 —-—

76 1766 301 1805 humanitas,
328 1765 432 1798 mein
458 1767 816 1814 Menschengefiihl.
844 1786 889 1791 —
917 1770 971 1800 ita
997 1769 1149 1805 laboret,
1178 1771 1230 1805 ut,
1257 1766 1297 1798 in
1324 1778 1363 1800 so
1390 1779 1543 1815 grosser

77 1812 198 1859 Sorge
227 1813 389 1845 dariiber
415 1813 475 1854 ist,
510 1815 563 1847 als
592 1815 637 1848 ob
665 1815 745 1848 sein
772 1815 997 1862 Verm'ogen
1032 1816 1098 1847 auf
1129 1814 1215 1847 dem
1241 1813 1371 1858 Spiele
1396 1815 1539 1849 stande.

80 1879 120 1885 -—
147 1864 310 1905 proxime
336 1866 442 1906 atque
468 1864 540 1902 ille,
568 1863 678 1896 nicht
704 1862 782 1896 viel
807 1863 982 1910 wenigel·
1007 1863 1061 1896 als
1090 1873 1142 1895 er.
1171 1861 1206 1895 S.
1229 1862 1382 1896 Ramsh.
1410 1864 1436 1906 ξ.
1458 1865 1540 1905 179,

77 1908 118 1949 Β,
145 1911 179 1949 ll,
207 1909 294 1941 Not.
325 1911 353 1942 1.
391 1908 538 1943 Grotef.
567 1911 594 1953 §.
622 1912 703 1945 353.
736 1928 771 1933 -
803 1913 920 1952 labor,
948 1911 987 1943 in
1015 1910 1164 1956 Sorgen
1192 1910 1338 1946 stehen,
1373 1913 1467 1944 sein.
1497 1929 1540 1936 ——

76 1957 423 1997 icl..iadicaturum‚
451 1958 532 1991 dass
558 1958 622 1992 ich
649 1970 712 1991 aus
739 1957 881 1992 diesem
899 1959 1007 1992 Falle
1035 1957 1265 2005 vorziiglich
1283 1958 1405 1992 Deine
1425 1959 1540 1992 Liebe

76 2004 271 2038 erkennen
298 2004 438 2038 werde.

170 2056 205 2087 3.
256 2055 289 2086 si
318 2056 471 2097 pateris,
505 2066 621 2087 wenn
656 2055 715 2087 Du
752 2054 814 2087 das
851 2064 924 2086 von
960 2052 1084 2086 einen]
1118 2053 1297 2087 Freunde
1332 2060 1539 2098 vertragen

76 2100 227 2133 kannst.
264 2119 311 2124 --
345 2113 421 2142 oro,
457 2100 520 2134 ich
554 2102 654 2135 flehe
687 2102 786 2135 Dich
819 2113 876 2134 an.
921 2119 967 2125 -—
1009 2113 1167 2137 consero.
1202 2104 1324 2141 iuml„
1363 2102 1539 2136 schadlos

76 2149 233 2182 stellest.
264 2167 305 2173 -
330 2161 396 2192 per
421 2154 466 2186 te,
493 2149 616 2182 durch
643 2150 793 2183 Deinen
819 2149 1006 2182 Beis’tand.
1044 2167 1089 2173 —
1121 2149 1186 2182 hoc
1210 2152 1538 2188 muneris...dare‚

77 2195 206 2229 diesen
232 2196 491 2232 Dienst...zu
516 2197 668 2238 leisten‚
696 2210 743 2230 zu
770 2199 920 2241 opsern.

170 2257 204 2288 ll.
260 2256 363 2299 Quod
386 2257 474 2289 dict.
499 2269 590 2297 sum,
625 2257 719 2291 Was
754 2257 821 2290 ich
857 2255 959 2289 noch
992 2256 1244 2291 hinzusetzen
1276 2258 1373 2294 will,
1404 2274 1446 2282 —-
1480 2260 1540 2291 vix

77 2306 264 2347 equestris,
303 2304 443 2345 „kaum
483 2315 522 2337 so
555 2315 660 2350 gross
697 2305 750 2337 als
784 2305 847 2337 das
886 2305 1109 2351 Vermogen
1145 2305 1247 2339 eines
1281 2306 1422 2339 Ritters
1456 2306 1539 2339 sein

78 2352 218 2383 muss.“
267 2351 345 2384 Ein
372 2352 526 2386 solcher
554 2358 694 2386 musste
728 2365 798 2385 zur
828 2352 912 2384 Zeit
943 2352 1006 2385 des
1035 2354 1169 2386 Cicero
1203 2356 1357 2391 [loomoo
1391 2353 1538 2386 Sester—

77 2398 159 2430 tien
187 2409 232 2429 Ξ
256 2399 386 2440 Ζ10,000
411 2399 514 2433 Flor.
555 2400 646 2433 oder
674 2399 825 2444 lGAEGG}
858 2400 1002 2432 Thaler
1035 2402 1256 2449 Vermb'gen
1282 2401 1462 2434 besitzen.
1501 2399 1538 2434 S.

78 2445 206 2480 Horat.
242 2447 314 2490 Ep.
342 2447 372 2487 I,
402 2450 432 2485 1,
458 2450 524 2482 57:
566 2448 597 2480 si
630 2448 905 2495 quadringenis
947 2460 1012 2481 sex
1047 2454 1191 2493 septem
1227 2449 1353 2481 millia
1389 2448 1537 2487 desunt,

79 2493 187 2526 Plebs
217 2494 304 2526 eris.
357 2495 470 2529 Diese
497 2496 749 2543 Darstellung
775 2495 878 2528 ihres
908 2496 1099 2543 geringen
1125 2497 1363 2543 Vermb'gens
1389 2496 1537 2530 konnte

78 2540 150 2573 (len
180 2541 293 2575 C'a'sar
317 2541 513 2589 bewegen,
542 2543 594 2577 sie
621 2556 686 2576 aus
713 2544 782 2576 der
808 2543 905 2575 zahl
932 2544 1000 2576 der
1022 2544 1261 2577 Geachteten
1287 2543 1436 2577 wieder
1457 2556 1539 2577 aus*-

78 2588 334 2622 zustreichen.
363 2608 406 2614 -—-
441 2593 627 2637 quoniam.
662 2591 697 2625 S.
727 2603 783 2635 ep.
810 2593 880 2626 526
906 2594 942 2626 2,
967 2610 1013 2616 —
1040 2594 1194 2632 liberal„
1223 2590 1464 2625 Grossmuth.
1493 2610 1539 2617 --

77 2648 141 2669 nec
167 2641 230 2677 est,
257 2639 361 2681 quod.
390 2637 427 2672 S.
454 2639 603 2672 Ramsh.
632 2640 658 2682 ξ.
688 2642 769 2680 18³4,
795 2642 830 2677 2,
857 2640 902 2674 Ν.
927 2643 957 2672 1.
982 2641 1014 2675 2.
1044 2640 1190 2673 Grotef.
1217 2640 1243 2683 §.
1266 2641 1346 2674 432.
1375 2639 1481 2672 Anm.
1502 2641 1537 2673 2.

76 2701 121 2707 —
147 2696 283 2730 magno
310 2697 425 2730 opere,
451 2686 721 2722 Bedeutendes.
750 2704 795 2713 —
824 2688 1026 2724 reditum..
1043 2689 1185 2733 confice,
1218 2699 1257 2722 so
1286 2686 1454 2721 erwirke
1481 2686 1538 2720 ih—
