1795 3081
529 74 843 125 EPISTOLA
880 73 1145 123 CCCCXC.
1445 76 1539 121 185

87 203 233 255 ipsum
265 213 427 257 magna
455 197 598 239 officia
628 195 821 237 contulit
851 193 1053 248 mihique
1073 196 1397 236 molestissimis
1427 203 1540 236 tem-

89 258 279 312 poribus
317 259 381 297 ita
415 254 612 294 fideliter
642 250 947 301 benevoleque
978 259 1158 301 praesto
1189 253 1291 296 fuit,
1337 258 1389 290 ut
1434 253 1474 290 si
1514 264 1539 290 a

88 326 159 352 me
189 312 486 351 manumissus
518 313 644 348 esset.
704 307 858 358 Itaque
887 312 990 357 peto
1021 318 1046 344 a
1075 312 1134 356 te,
1175 313 1224 346 ut
1254 319 1354 346 eum
1386 304 1538 355 [Ham-

89 365 305 416 monium]
338 373 383 406 et
411 367 459 403 in
491 362 672 415 patroni
704 363 797 400 eius
838 361 1022 414 negotio
1053 360 1115 399 sic
1145 367 1318 410 tueare,
1355 370 1406 400 ut
1444 363 1540 400 eius

90 429 447 476 procuratorem,
486 431 615 471 quem
654 416 738 455 tibi
779 412 1053 462 commendo,
1093 422 1137 454 et
1175 417 1318 467 ipsum
1351 429 1430 455 suo
1463 429 1540 454 no-

89 479 211 516 mine
241 476 398 529 diligas
440 473 689 524 habeasque
729 472 775 508 in
814 483 1001 508 numero
1040 476 1237 509 tuorum.
1303 472 1542 510 Hominem

89 532 332 585 pudentem
361 536 403 570 et
432 528 680 567 officiosum
711 537 952 580 cognosces
994 531 1038 565 et
1076 524 1278 582 dignum,
1318 528 1396 580 qui
1436 540 1461 567 a
1498 532 1542 567 te

90 587 322 644 diligatur.
382 584 509 626 Vale.

209 754 525 807 EPISTOLA
563 756 826 805 CCCCXC.
895 755 978 815 (ad
1011 754 1127 804 Div.
1163 754 1297 802 XIII.
1339 756 1436 814 22.)

415 845 496 880 ser.
524 845 662 879 Romae
689 845 730 880 A.
756 845 801 879 U.
829 844 868 879 c.
896 846 976 880 703.
1004 847 1052 885 (a,
1072 845 1109 879 o.
1137 845 1214 886 46.)

89 918 134 956 Τ.
161 917 344 953 Manlium
377 927 443 951 suo
479 921 515 951 et
539 916 720 950 Varronis
748 917 924 950 Murenae
957 916 1114 950 nomine
1150 914 1404 950 commendat.
1442 915 1545 949 1-2.

571 998 750 1033 CICERO
801 999 975 1034 SERVIO
1025 999 1061 1033 S.

202 1072 258 1114 T.
289 1071 529 1118 Manlium,
576 1073 652 1126 qui
696 1074 955 1128 negotiatur
993 1072 1215 1125 Thespiis,
1256 1071 1546 1112 vehementer

92 1127 241 1184 diligo.
298 1127 414 1167 Nam
443 1133 487 1167 et
510 1139 687 1180 semper
708 1141 777 1167 me
796 1128 937 1168 coluit
953 1126 1379 1181 diligentissimeque
1399 1127 1548 1165 obser-

91 1187 219 1225 vavit
261 1190 305 1223 et
343 1195 368 1223 a
404 1182 568 1224 studiis
610 1184 778 1222 nostris
821 1196 912 1223 non
954 1182 1180 1222 abhorret.
1248 1181 1437 1221 Accedit
1477 1194 1545 1230 eo,

93 1238 210 1292 quod
235 1239 386 1280 Varro
417 1237 612 1277 Murena
642 1250 800 1292 magno
823 1251 958 1291 opere
983 1240 1075 1277 eius
1099 1250 1234 1278 causa
1259 1237 1357 1277 vult
1376 1237 1546 1275 omnia:

95 1296 173 1347 qui
202 1300 352 1334 tamen
382 1294 666 1344 existimavit,
697 1295 781 1333 etsi
811 1295 898 1333 suis
929 1293 1090 1343 literis,
1122 1293 1282 1346 quibus
1310 1292 1397 1332 tibi
1420 1291 1549 1329 Man-

95 1349 210 1389 lium
247 1348 590 1393 commendabat,
638 1348 768 1388 valde
811 1347 1069 1399 confideret,
1107 1355 1255 1387 tamen
1295 1360 1393 1386 mea
1429 1359 1549 1385 com-

95 1403 378 1442 mendatione
408 1402 578 1455 aliquid
606 1405 870 1443 accessionis
901 1404 1013 1442 fore.
1083 1402 1161 1442 Me
1199 1401 1381 1456 quidem
1413 1414 1551 1455 quum

96 1457 257 1498 Manlii
300 1458 598 1505 familiaritas,
639 1465 736 1497 tum
772 1460 996 1498 Varronis
1041 1457 1242 1497 studium
1286 1458 1547 1503 commovit,

97 1521 151 1553 ut
181 1512 237 1552 ad
273 1518 316 1552 te
358 1526 490 1565 quam
528 1514 867 1553 accuratissime
907 1512 1164 1552 scriberem.
1232 1511 1592 1564 Gratissimum2

97 1569 237 1623 igitur
265 1567 379 1606 mihi
410 1567 585 1617 feceris,
618 1569 656 1606 si
686 1569 790 1607 huic
820 1568 1201 1607 commendationi
1232 1580 1355 1606 meae
1378 1573 1552 1606 tantum

97 1623 330 1673 tribueris,
363 1629 576 1674 quantum
608 1624 684 1662 cui
713 1622 918 1663 tribuisti
947 1625 1215 1675 plurimum:
1247 1622 1294 1661 id
1325 1628 1405 1671 est,
1436 1623 1474 1660 si
1499 1620 1552 1663 Τ.

100 1779 146 1786 —-
187 1761 272 1793 mol.
311 1762 399 1793 meis
431 1764 538 1803 temp.
577 1759 705 1793 Lamb.
741 1761 879 1795 Placet.
920 1762 993 1796 ΟΒ.
1040 1761 1123 1801 „im
1155 1760 1422 1809 triibseligsten
1455 1759 1555 1793 zeit-

100 1813 240 1854 puncte
273 1807 416 1841 meines
455 1808 640 1849 Lebens‚“
676 1809 802 1842 exsilii
837 1814 1019 1854 tempore.
1057 1808 1090 1843 S.
1121 1819 1179 1852 ep.
1212 1811 1293 1843 512.
1329 1828 1376 1834 —-
1405 1813 1555 1854 praesto

101 1857 190 1901 fuit,
223 1867 270 1887 zu
296 1855 452 1889 Dienste
486 1867 578 1888 war.
615 1855 650 1889 S.
676 1856 825 1889 Ramsh.
852 1858 879 1901 §.
908 1859 988 1898 125,
1013 1876 1059 1882 --
1088 1856 1375 1900 [Hammonium]
1406 1857 1479 1890 del.
1508 1855 1554 1888 de

102 1906 242 1938 Manut.
270 1903 416 1936 monitu
442 1902 529 1936 Sch.
567 1903 650 1949 Ego
677 1904 713 1948 []
744 1906 818 1940 ΟΒ.
844 1923 890 1930 -
911 1910 1115 1949 procurat„
1142 1904 1482 1951 Gesch'aststr'a‘ger.
1507 1921 1554 1927 -—

104 1964 205 1999 quem
231 1952 300 1984 tibi
324 1952 526 1984 commendo
550 1951 643 1984 Ern.
673 1952 724 1995 [].
753 1952 824 1986 del.
852 1952 941 1989 Sch,
968 1953 1125 1986 Liinem.
1166 1951 1323 1986 Scilicet
1348 1963 1423 1985 non
1450 1950 1554 1984 vide·

105 2004 197 2033 runt
223 2010 257 2031 v.
288 2011 387 2043 quem
412 1998 553 2032 referri
579 1999 623 2032 ad
649 2011 781 2033 vocem
809 2004 883 2035 eius
915 2001 938 2034 i.
968 2013 997 2034 e.
1036 2002 1083 2033 M.
1111 2000 1320 2033 Aemilium
1348 2000 1553 2040 Avianum,

105 2047 212 2081 cuius
251 2047 456 2090 praecipua
498 2051 552 2080 est
591 2047 633 2079 in
668 2048 729 2080 his
766 2048 895 2082 literis
939 2048 1232 2084 commendatio.
1277 2048 1467 2082 ORELLI.
1508 2065 1555 2071 —

104 2097 268 2141 dignum,
297 2096 622 2140 qzti...diligc1tur.
650 2094 686 2129 S.
713 2095 862 2130 Ralnsh.
889 2097 916 2139 §.
946 2098 1025 2138 184,
1052 2098 1084 2131 5.
1112 2097 1160 2132 N.
1187 2099 1220 2132 2.
1250 2096 1398 2130 Grotof.
1425 2096 1453 2138 §.
1472 2097 1553 2130 403.

201 2168 233 2199 1.
285 2166 323 2199 T.
350 2166 540 2206 Manlium,
581 2167 857 2214 negotiatorem
894 2167 1082 2212 Thespiis.
1109 2167 1198 2203 Vid.
1235 2167 1281 2201 ad
1304 2166 1419 2200 Attio.
1454 2167 1484 2207 1,
1511 2169 1556 2200 10

108 2214 165 2256 (h.
194 2213 248 2247 ed.
275 2214 350 2254 20.)
389 2232 436 2237 --
472 2215 645 2259 Thespiis,
680 2227 727 2248 zu
754 2215 954 2260 Thespiae,
988 2215 1094 2248 einer
1119 2214 1224 2248 Stadt
1249 2215 1291 2248 in
1317 2215 1484 2248 Bbotien.
1513 2232 1556 2239 —

109 2277 131 2297 a
157 2262 248 2296 stad.
275 2274 308 2294 η.
335 2274 405 2295 non
432 2262 608 2300 abhorret,
635 2263 733 2296 auch
759 2263 807 2295 ist
835 2275 877 2297 er
896 2274 1060 2296 unseren
1077 2263 1431 2309 Lieblingsstudien
1449 2261 1558 2294 nicht

110 2308 262 2346 abhold,
307 2309 399 2343 kein
432 2310 662 2358 Fremdling
705 2311 826 2347 darin.
867 2331 908 2337 —
945 2310 985 2345 A.
1018 2312 1202 2345 Terentius
1241 2312 1357 2345 Varro
1394 2311 1556 2350 Murena,

110 2356 307 2392 entweder
342 2356 409 2390 der
439 2358 552 2391 Vater
586 2358 679 2392 oder
711 2359 841 2392 dessen
873 2358 991 2400 Sohn,
1026 2358 1094 2392 der
1125 2360 1198 2392 mit
1222 2359 1368 2405 August
1393 2361 1459 2394 731
1496 2357 1558 2390 das

110 2405 292 2440 Consulat
316 2404 538 2439 bekleidete.
565 2425 612 2430 —
639 2410 712 2440 eivs
739 2419 847 2440 caasa
872 2409 951 2440 vult
984 2410 1118 2448 omnia,
1158 2407 1240 2440 ihm
1268 2408 1425 2440 iiber-aus
1450 2404 1559 2439 wohl

112 2453 210 2491 will,
248 2452 337 2485 sehr
372 2464 527 2500 grossen
560 2454 720 2489 Antheil
753 2466 800 2487 an
826 2454 908 2487 ihm
935 2454 1080 2488 nimmt.
1108 2474 1154 2479 —
1181 2458 1244 2501 qui
1267 2460 1401 2494 tamen,
1428 2453 1557 2487 Lamb.

113 2503 175 2547 qui
200 2503 256 2533 ita
283 2502 511 2535 existimavit.
545 2502 695 2546 Duplex
720 2507 856 2542 tamen,
883 2513 957 2546 quo
985 2502 1085 2535 nihil
1111 2503 1363 2548 frequentius,
1390 2501 1559 2535 nondum

112 2548 276 2595 agnovit.
307 2550 380 2581 ΟΒ.
405 2567 452 2576 .-
478 2552 748 2583 commendarat
773 2550 818 2584 de
843 2550 934 2584 Ern.
961 2562 1059 2595 susp.
1082 2550 1167 2584 sch.
1188 2550 1282 2583 Liin.
1310 2569 1356 2575 —-
1386 2551 1561 2587 Varronis

114 2598 288 2637 stadium,
315 2595 374 2629 die
400 2596 571 2638 Warme,
599 2598 732 2631 womit
758 2597 840 2630 sich
868 2599 991 2633 Varro
1018 2599 1146 2632 seiner
1171 2598 1372 2633 annimmt.

209 2658 242 2690 2.
293 2660 437 2689 tradam
462 2659 562 2697 trib„
597 2667 635 2690 so
670 2657 751 2690 viel
783 2657 913 2738 {elteri
952 2658 1052 2699 l'aeisst²
1088 2663 1263 2704 quantum
1296 2661 1355 2691 cui
1391 2661 1472 2695 cet„
1510 2656 1563 2690 als

116 2703 249 2739 iemals
276 2703 360 2737 eine
386 2714 459 2738 von
487 2704 622 2752 irgend
651 2705 793 2738 leniant
808 2716 854 2738 en
880 2705 938 2738 bei
965 2706 1035 2740 Dir
1059 2706 1239 2754 gegolten
1265 2704 1338 2740 hat.
1361 2723 1403 2730 —
1423 2706 1566 2739 honeste
