1795 3081
197 22 296 72 232
467 20 533 69 Μ.
570 18 622 67 Τ.
658 18 1004 73 CICERONIS
1039 21 1416 74 EPISTOLAE.

199 143 353 183 literas
404 148 503 182 tuas
548 141 639 181 iam
682 149 936 195 exspectare
979 143 1245 196 incipiebam
1297 146 1371 185 vel
1417 152 1461 186 te
1511 147 1660 200 potius

198 200 371 252 ipsum:
402 204 564 247 tamen,
595 210 729 249 quum
759 198 1034 252 Theophilus
1063 200 1436 253 proficisceretur,
1466 214 1555 240 non
1583 215 1661 255 po-

199 255 270 294 tui
299 253 413 292 nihil
443 253 484 291 ei
514 253 748 292 literarum
778 252 897 293 dare.
958 253 1075 293 Cura
1114 255 1270 310 igitur,
1312 262 1363 296 ut
1399 270 1528 309 quam
1567 258 1661 310 pri-

198 322 318 348 mum
346 309 520 348 venias:
550 309 699 347 venies
722 309 855 359 enim,
885 308 996 348 mihi
1027 308 1171 360 crede,
1202 318 1491 363 exspectatus,
1521 325 1662 364 neque

197 364 342 403 solum
384 363 526 413 nobis,
568 362 614 401 id
658 369 723 402 est
761 365 864 414 tuis,
907 363 983 403 sed
1022 377 1204 417 prorsus
1244 367 1460 406 omnibus.
1525 366 1664 407 Venit

199 420 316 459 enim
345 418 456 457 mihi
485 419 532 457 in
560 424 751 458 mentem
780 419 1011 459 subvereri
1040 419 1279 471 interdum,
1319 435 1373 461 ne
1401 428 1445 462 te
1475 420 1664 462 delectet

156 473 328 516 2tarda
358 472 566 514 decessio.
615 472 743 525 Quod
772 475 810 513 si
839 475 1010 514 nullum
1041 475 1224 516 haberes
1252 489 1426 516 sensum
1445 478 1532 516 nisi
1557 490 1662 516 ocu-

200 528 360 579 lorum,
391 542 572 583 prorsus
603 529 685 567 tibi
711 530 998 584 ignoscerem,
1029 531 1067 568 si
1086 530 1294 583 quosdam
1318 533 1458 572 nolles
1484 531 1661 581 videre3

197 583 289 634 sed,
335 598 471 637 quum
509 584 683 623 leviora
727 598 812 623 non
858 585 999 624 multo
1039 592 1195 636 essent,
1235 600 1347 639 quae
1384 586 1662 638 audirentur,

198 652 330 693 quam
360 653 472 692 quae
507 638 797 691 viderentur3
838 641 1089 693 suspicarer
1128 648 1275 681 autem
1305 643 1493 681 multum
1522 644 1661 682 inter-

199 707 292 735 esse
336 697 403 735 rei
432 695 669 735 familiaris
706 701 806 734 tuae
843 701 887 734 te
925 708 1055 748 quam
1084 697 1277 749 primum
1315 699 1487 749 venire,
1531 697 1662 751 idque

198 751 247 790 in
278 763 427 789 omnes
456 756 606 803 partes
635 750 834 798 valeret3
873 751 1028 803 putavi
1066 764 1117 790 ea
1157 750 1209 791 de
1240 765 1289 791 re
1318 758 1362 792 te
1394 766 1484 793 esse
1513 752 1662 793 admo-

198 805 402 845 nendum.
461 804 563 855 Sed,
595 806 817 858 quoniam,
847 804 952 857 quid
980 806 1089 845 mihi
1120 807 1331 858 placeret,
1375 807 1562 858 ostendi,
1593 821 1663 847 re-

198 861 322 913 liqua
351 867 400 900 tu
429 872 510 914 pro
541 866 618 900 tua
660 859 896 913 prudentia
936 860 1249 901 considerabis.
1306 862 1382 902 Me
1411 869 1558 903 tamen
1586 876 1664 906 ve-

198 916 295 967 lim,
325 914 441 971 quod
470 914 525 956 ad
554 921 723 970 tempus
754 922 797 956 te
826 921 1140 970 exspectemus,
1170 918 1405 958 certiorem
1435 919 1584 959 facias.

369 1101 690 1153 EPISTOLA
728 1103 961 1154 DXXVI.
1031 1102 1114 1158 (ad
1149 1103 1265 1150 Div.
1302 1105 1389 1154 VI.
1425 1105 1497 1164 4.)

344 1193 425 1228 Ser.
454 1192 593 1227 Romae
620 1203 750 1226 mense
778 1192 958 1225 Ianuario
986 1192 1027 1225 A.
1055 1193 1099 1227 U.
1127 1192 1165 1228 c,
1192 1195 1274 1229 709.
1318 1196 1367 1234 (a.
1389 1192 1428 1227 c.
1448 1193 1522 1236 45.)

380 1264 620 1309 Torquatum
646 1263 807 1298 Athenis
835 1263 1074 1298 exsulantem
1101 1264 1332 1298 consolatur.
1361 1265 1480 1301 1—5.

529 1337 578 1369 M.
616 1335 793 1369 CICERO
828 1334 864 1368 S.
901 1335 946 1371 D.
982 1335 1024 1369 A.
1057 1335 1330 1378 TORQUATO.

311 1408 446 1459 Novi,
486 1405 605 1461 quod
649 1405 704 1446 ad
745 1413 789 1446 te
819 1408 1076 1458 scriberem,
1117 1408 1231 1446 nihil
1261 1415 1380 1449 erat:
1435 1415 1479 1450 et
1507 1414 1665 1455 tamen,

201 1463 379 1518 siquid
410 1471 537 1514 esset,
583 1463 772 1503 sciebam
814 1470 858 1503 te
902 1477 927 1502 a
970 1465 1058 1504 tuis
1095 1464 1334 1503 certiorem
1370 1465 1469 1504 fieri
1510 1465 1666 1504 solere.

199 1520 268 1563 De
297 1521 460 1561 futuris
490 1525 636 1559 autem
666 1519 796 1557 rebus
840 1520 923 1558 etsi
967 1531 1139 1571 semper
1182 1517 1364 1558 difficile
1402 1527 1466 1560 est
1504 1519 1668 1569 dicere,

200 1582 347 1616 tamen
378 1573 602 1615 interdum
627 1575 885 1613 coniectura
908 1575 1047 1626 possis
1067 1575 1249 1626 propius
1277 1573 1502 1625 accedere,
1533 1588 1667 1628 quum

202 1637 269 1670 est
312 1644 382 1670 res
423 1628 653 1674 eiusmodi,
694 1629 818 1667 cuius
855 1631 996 1668 exitus
1039 1628 1271 1682 provideri
1318 1631 1468 1683 possit.
1539 1629 1671 1669 Nunc

203 1692 376 1727 tantum
409 1683 614 1726 videmur
647 1684 900 1740 intelligere
935 1697 1024 1723 non
1064 1683 1325 1726 diuturnum
1363 1686 1544 1738 bellum,
1588 1686 1671 1725 etsi

300 1804 330 1835 1.
382 1799 609 1845 Theophilus,
638 1798 813 1833 Marcelli
839 1798 1015 1839 libertus,
1053 1798 1121 1843 qui
1160 1803 1196 1832 et
1231 1804 1317 1833 ante
1354 1799 1400 1833 ad
1427 1810 1513 1834 eum
1538 1798 1672 1833 literas

204 1849 387 1884 attulerat
413 1850 467 1887 (v.
493 1847 532 1880 h.
561 1846 616 1881 ed.
645 1858 703 1891 ep.
731 1848 828 1890 468),
857 1859 903 1880 ex
929 1857 1004 1891 quo
1030 1851 1136 1892 patet
1161 1845 1227 1879 has
1254 1847 1387 1880 literas
1414 1847 1562 1891 aliquot
1586 1851 1673 1892 post

204 1897 290 1930 illas
318 1895 512 1930 mensibus
541 1894 642 1928 datas
670 1907 759 1929 esse.
797 1895 975 1929 MANUT.
1013 1914 1054 1920 —
1091 1908 1162 1928 non
1193 1898 1303 1940 potui
1340 1896 1450 1938 nihil,
1477 1905 1516 1928 so
1542 1896 1673 1929 musst'

204 1944 271 1980 ich
299 1944 379 1977 ihm
407 1943 505 1976 doch
533 1942 594 1976 ein
622 1942 828 1977 Briefchen
866 1942 1074 1991 mitgeben.
1117 1961 1160 1967 —-
1199 1956 1241 1976 ne
1267 1948 1300 1975 te
1327 1945 1448 1977 delect.
1477 1945 1588 1977 tarda
1614 1944 1675 1976 dc-

204 1996 327 2032 cessio,
353 1992 406 2024 ais
434 1992 478 2025 ob
506 1991 565 2023 Du
600 1991 663 2023 eiu
692 1992 930 2040 Vergniigen
967 1991 1083 2026 daran
1109 1990 1259 2031 findest‚
1295 1991 1420 2026 Deine
1445 1991 1600 2026 Abreise
1626 2002 1675 2024 zu

204 2052 434 2087 verzogern.

299 2102 331 2134 2.
385 2099 582 2147 quosdam,
622 2100 783 2147 gewisse
840 2098 1063 2134 Mensehen.
1104 2117 1150 2123 —
1204 2100 1355 2141 leviora,
1403 2098 1673 2146 ertr'ziglicher.

205 2148 295 2197 vgl.
324 2159 381 2191 ep.
410 2149 492 2188 ¹465,
521 2151 553 2181 1„
594 2165 636 2171 —
675 2151 728 2181 rei
745 2148 955 2193 familiaris
981 2153 1077 2186 tuae,
1114 2157 1209 2190 quae
1245 2148 1343 2182 male
1377 2147 1532 2181 videtur
1557 2146 1675 2179 admi-

206 2196 376 2229 nistrari,
396 2213 439 2219 —
459 2196 563 2240 idque
584 2196 742 2240 (nempe
770 2199 807 2230 τό
834 2201 868 2229 te
895 2207 1002 2242 quam
1027 2196 1190 2241 primum
1215 2198 1354 2236 venire)
1380 2199 1417 2229 in
1445 2207 1563 2229 omnes
1588 2206 1676 2238 par-

206 2249 259 2279 tes
284 2245 420 2277 valeret
447 2243 485 2276 h.
516 2255 546 2276 e.
576 2253 652 2276 non
686 2244 811 2277 solum
847 2244 893 2276 ad
932 2254 1013 2278 rem
1039 2243 1273 2277 familiarem
1310 2243 1505 2284 tuendam,
1539 2242 1604 2276 sed
1629 2243 1676 2275 ad

210 2292 341 2325 omnia
367 2291 443 2324 alia
472 2291 609 2323 bonum
639 2303 716 2325 esse
744 2292 962 2325 videretur:
1002 2302 1032 2324 e.
1061 2302 1090 2323 e.
1128 2302 1175 2324 ne
1209 2291 1309 2324 forte
1338 2291 1473 2325 Caesar
1498 2295 1536 2323 te
1563 2290 1677 2324 bene-

207 2340 341 2376 ficium
378 2350 486 2371 suum
522 2340 720 2383 aspernari
755 2340 980 2384 suspicetur.
1015 2338 1113 2373 SCH.
1151 2338 1257 2379 „und
1290 2339 1409 2372 Deine
1442 2338 1677 2386 Gegenwart

208 2388 247 2419 in
275 2386 384 2419 ieder
412 2386 592 2419 Hinsicht
619 2398 696 2419 von
722 2386 962 2434 Bedeutung,
988 2386 1066 2421 also
1094 2399 1141 2419 zu
1167 2385 1380 2421 wimschen
1406 2386 1494 2421 ist.“
1511 2404 1558 2411 -
1585 2387 1681 2433 quod

209 2436 260 2469 ad
283 2440 437 2480 tempus,
466 2435 532 2466 aus
553 2434 704 2468 welche
730 2436 830 2469 Zeit.

356 2508 399 2540 A.
430 2505 704 2551 TORQUATO.
741 2505 777 2540 S.
805 2519 851 2539 zu
879 2518 937 2552 ep,
965 2507 1033 2542 517
1061 2506 1113 2538 im
1142 2505 1228 2539 Ans.
1257 2505 1334 2539 und
1359 2507 1440 2542 52'4.

306 2569 339 2600 ἱ.
392 2563 866 2605 εοηίεεΐαψᾶ...ασι·εᾱει·ν,
908 2566 994 2600 sich
1031 2565 1156 2599 durch
1189 2565 1462 2614 Vermuthung·
1495 2563 1677 2606 naheren,

211 2613 312 2648 nahe
338 2613 531 2650 kommen.
559 2631 605 2640 —-
632 2616 735 2648 cuius
759 2624 809 2646 =
836 2620 878 2648 ut
905 2616 986 2648 eius
1014 2617 1141 2648 exitus.
1162 2632 1204 2639 -—
1233 2615 1374 2648 hellam.
1403 2613 1531 2647 hamb.
1554 2613 1680 2646 Mart.-

212 2662 305 2710 Lag.
331 2661 419 2697 sch.
448 2661 545 2698 Lan.
575 2663 705 2698 bellum
722 2661 811 2706 fore
846 2673 891 2698 ex
925 2661 1150 2707 interpolat.
1186 2662 1262 2697 ΟΒ,
1293 2679 1333 2689 -
1367 2662 1558 2704 „videmur
1582 2673 1679 2695 secus
