1795 3081
506 69 832 122 EPISTOLA
866 71 1119 123 DLXVII.
1453 76 1548 123 305

84 206 183 233 eum
214 192 556 234 combussimus:
586 199 824 246 posteaque
853 194 1127 252 curavimus,
1165 199 1218 234 ut
1245 191 1387 234 eidem
1415 193 1551 234 Athe-

85 252 256 289 nienses
286 251 330 287 in
363 248 515 289 eodem
544 248 643 288 loco
674 254 1004 288 monumentum
1040 249 1079 287 ei
1110 261 1410 289 marmoreum
1441 250 1552 289 saci-

84 304 243 344 endum
284 306 491 343 locarent.
560 303 647 355 lta,
694 317 804 356 quae
846 309 994 342 nostra
1031 303 1178 343 officia
1218 305 1423 352 fuerunt,
1466 318 1551 358 pro

85 360 274 413 collegio
305 366 349 399 et
378 372 460 411 pro
489 360 822 412 propinquitate
852 365 895 397 et
922 359 1025 399 vivo
1056 364 1099 397 et
1126 365 1304 400 mortuo
1334 360 1481 401 omnia
1510 361 1552 401 ei

85 416 398 470 praestitimus.
458 414 588 454 Vale.
620 414 674 454 D.
705 427 772 467 pr.
804 413 901 453 Kal.
933 413 1027 452 lun.
1056 413 1255 454 Athenis.

224 596 543 647 EPISTOLA
577 598 838 650 DLXVII.
883 597 993 658 (ad
1026 597 1132 648 Att.
1168 597 1279 648 XII.
1312 601 1420 662 40.)

220 698 302 733 scr.
329 698 371 731 in
397 697 549 733 Antiati
576 710 705 735 mense
730 700 847 735 Iunio
873 699 915 736 A.
942 700 987 735 [J.
1016 699 1056 734 c.
1082 701 1167 737 709.
1196 701 1244 744 (a.
1271 699 1313 735 e.
1340 702 1419 745 45.)

85 784 142 818 De
157 781 281 816 Hirtii
308 780 411 815 libro
438 782 478 815 in
499 782 698 819 Catonem.
727 787 759 820 1.
786 784 832 818 de
859 784 975 824 libro,
1003 793 1118 827 quem
1147 783 1406 819 adCaesarem
1434 784 1480 819 de
1506 795 1551 820 re

85 831 244 877 publica
285 829 499 863 ordinanda
536 833 708 867 scribere
747 832 999 879 cogitaverat.
1027 832 1062 868 2.
1101 831 1147 865 de
1186 832 1309 866 causis
1343 832 1551 866 tristitiam

86 891 193 912 suani
221 877 402 911 adversus
428 879 728 922 reprehensores
750 880 1027 913 excusantibus.
1055 881 1088 914 3.
1116 879 1161 914 de
1183 880 1309 914 hortis
1322 879 1552 925 Scapulanis

90 926 277 961 emendis.
302 927 337 961 4.
364 924 530 970 denique
551 939 601 969 se,
629 928 816 971 quamdiu
842 927 908 960 hic
934 937 1135 961 mansurus
1162 928 1226 970 sit,
1254 928 1432 963 nondum
1459 939 1554 964 con-

613 976 780 1009 stituisse
806 975 953 1009 scribit.
980 976 1013 1009 5.

588 1043 768 1081 CICERO
795 1045 975 1081 ATTICO
1004 1045 1039 1081 S.

199 1118 349 1172 Qualis
380 1119 532 1160 futura
561 1119 619 1158 sit
648 1117 846 1159 Caesaris
881 1119 1154 1174 vituperatio
1183 1127 1338 1163 contra
1367 1120 1555 1162 laudati-

86 1187 213 1214 onem
243 1188 405 1225 meam,
456 1177 661 1228 perspexi
691 1188 742 1214 ex
772 1187 822 1214 eo
851 1174 991 1228 libro,
1038 1189 1168 1228 quem
1196 1175 1374 1221 Hirtius
1403 1176 1457 1216 ad
1485 1192 1555 1218 me

86 1231 223 1280 misit,
253 1231 299 1268 in
330 1242 414 1283 quo
446 1230 613 1284 colligit
641 1231 754 1270 vitia
775 1228 965 1277 Catonis,
997 1231 1072 1271 sed
1101 1244 1199 1270 cum
1229 1234 1435 1271 maximis
1464 1233 1554 1272 lau-

87 1283 213 1324 dibus
256 1287 377 1325 meis.
454 1286 605 1337 ltaque
647 1287 747 1325 misi
788 1286 953 1325 librum
997 1285 1051 1325 ad
1096 1286 1322 1337 Muscam,
1375 1294 1426 1327 ut
1467 1289 1555 1327 tuis

86 1340 287 1379 librariis
318 1339 453 1379 daret.
511 1341 627 1379 Volo
659 1342 776 1380 enim
808 1353 907 1380 eum
938 1340 1182 1395 divulgari:
1231 1341 1348 1395 quod
1377 1355 1463 1395 quo
1492 1346 1554 1383 fa-

89 1395 221 1434 cilius
240 1396 329 1441 fiat,
353 1396 592 1448 imperabis
618 1397 721 1435 tuis.
753 1394 1135 1447 Σιῃιβουλευτικὸν
1155 1409 1284 1451 saepe
1303 1410 1457 1437 conor:
1487 1400 1552 1438 ni-
1569 1405 1595 1444 2

89 1543 223 1566 waren
251 1532 312 1565 die
341 1531 581 1575 Gymnasien
609 1532 669 1565 die
696 1531 911 1578 heiligsten
938 1532 1066 1565 Pliitze
1092 1544 1142 1565 zu
1168 1532 1308 1567 Athen.
1335 1550 1380 1559 —
1425 1534 1554 1571 eidem.

89 1581 155 1615 Sic
180 1579 256 1613 Md.
274 1590 322 1611 ::
339 1581 446 1613 iidem
473 1580 613 1614 Ceteri.
646 1580 719 1612 ΟΒ.
750 1599 791 1603 -
810 1579 974 1623 faciend.
1003 1582 1129 1621 locam,
1156 1593 1205 1613 zu
1233 1580 1438 1615 errichten
1463 1593 1555 1617 ver-

91 1629 274 1675 dingten3
304 1628 479 1660 ntimlich
505 1640 551 1660 an
580 1627 668 1661 ihre
694 1626 999 1670 Werkmeister,
1026 1628 1222 1667 Kitnstler,
1275 1629 1313 1663 S.
1342 1629 1492 1664 Grotef.
1520 1634 1552 1673 §-

89 1679 174 1717 323,
202 1676 236 1711 b.
265 1695 307 1700 —
330 1689 403 1721 pro
430 1678 596 1721 collegz'O,
625 1676 679 1708 als
705 1686 862 1708 unserm
884 1676 1072 1722 Collegen
1098 1677 1152 1708 im
1175 1676 1384 1724 Augurate.
1413 1695 1459 1704 —
1482 1692 1554 1725 pro

87 1737 194 1770 procl.
245 1721 308 1756 Sic
333 1723 410 1761 Md.
439 1724 542 1758 Vict.
571 1727 606 1760 1.
631 1724 663 1758 2.
690 1724 914 1770 Maru-Lag.
944 1734 1017 1758 om.
1044 1736 1113 1769 pro
1140 1723 1282 1759 Ceteri.
1316 1725 1392 1760 OR.
1426 1744 1473 1752 -—
1505 1728 1553 1762 D.

88 1785 145 1817 pr.
172 1773 258 1806 Kal.
284 1771 375 1810 Iun„
401 1772 572 1820 gegeben
598 1783 659 1804 am
687 1774 743 1806 31.
771 1770 845 1804 Mai
872 1783 922 1804 zu
948 1772 1089 1807 Athen.

187 1846 218 1877 1.
272 1844 439 1876 Caesaris
454 1844 690 1885 vituperatio,
718 1854 833 1887 quam
846 1842 1122 1878 Anticatonem
1151 1843 1362 1892 inscripsit.
1389 1845 1489 1880 SCH.
1517 1847 1553 1884 S.

93 1903 153 1937 ep.
181 1893 262 1927 637.
290 1893 370 1926 638.
421 1890 574 1925 Gellius
601 1890 665 1931 IV,
694 1893 750 1926 16.
789 1891 963 1926 Iuvenal.
992 1892 1064 1933 VI,
1092 1895 1175 1927 337.
1201 1911 1247 1918 --
1273 1894 1413 1941 lcgudat.
1441 1895 1555 1930 Cato-

92 1941 163 1973 nis.
190 1939 276 1986 Vgl.
297 1951 356 1984 ep.
371 1940 451 1974 538.
471 1939 553 1977 4⁷45,
571 1939 604 1971 2.
624 1939 706 1980 449,
722 1940 754 1973 2.
777 1956 819 1963 —=
847 1951 951 1984 quem
968 1940 1113 1974 Hirtius
1128 1941 1178 1973 ced
1187 1953 1242 1974 me
1259 1944 1371 1976 misit.
1417 1942 1555 1977 Dieser

19 1986 20 2030 ζ
90 1988 197 2022 hatte
224 1987 308 2020 sein
336 1998 460 2034 gegen
473 1986 565 2020 Cato
583 1986 998 2033 geschriebenesBueh
1025 1988 1113 2022 dem
1127 1988 1252 2027 C'zisar,
1278 1989 1340 2022 bei
1359 1990 1552 2025 welchem

19 2039 20 2047 ’
90 2047 132 2070 er
159 2036 200 2068 in
226 2034 398 2080 Spanien
425 2045 527 2075 war,
567 2045 640 2067 zur
673 2034 840 2068 Ansicht
871 2036 1087 2082 vorgelegt.
1139 2037 1254 2071 H'zitte
1280 2037 1394 2071 C'asar
1427 2050 1554 2087 gegen

13 2088 21 2122 j
90 2084 153 2117 das
182 2083 269 2116 dem
298 2083 434 2117 Cicero
469 2082 580 2115 dax-in
608 2082 795 2117 ertheilte
821 2082 908 2116 Lob‘
926 2083 1058 2118 Etwas
1085 2083 1244 2130 gehabt,
1282 2096 1322 2119 so
1347 2087 1483 2121 wiirde
1511 2098 1555 2122 et·

20 2143 21 2151 ¹
91 2130 311 2164 diessBuch
331 2129 589 2164 unterdr't'ickt
602 2129 742 2165 haben.
770 2130 907 2164 Cicero
933 2133 1158 2166 vermuthet
1185 2132 1318 2174 daher,
1348 2133 1427 2168 dass
1453 2135 1555 2169 auch

91 2179 204 2212 C'sisar
231 2179 271 2211 in
298 2179 440 2212 seinem
452 2178 632 2212 Anticato
659 2177 732 2210 ihn
754 2178 867 2212 nicht
886 2179 960 2213 mit
972 2180 1183 2214 Bitterkeit
1201 2181 1393 2215 anfahren
1410 2183 1553 2220 werde,

91 2226 310 2273 Uebrigens
336 2226 443 2260 hatte
470 2226 626 2259 Hirtius
651 2226 736 2259 sein
761 2226 998 2261 Werkchen
1026 2227 1112 2260 dem
1136 2227 1274 2262 Cicero
1301 2229 1555 2278 zugeschrie-

91 2272 185 2313 ben,
222 2275 290 2308 der
326 2285 362 2307 es
397 2272 570 2307 desshalb
604 2273 657 2306 im
686 2276 755 2309 569
782 2274 843 2310 Br.
873 2274 961 2308 eine
987 2278 1181 2320 epistolam
1207 2283 1350 2311 nennt:
1398 2278 1556 2320 „Hirtii

92 2321 254 2365 epistola
282 2321 388 2365 quasi
415 2320 634 2368 :perfluo-‘ua
659 2322 815 2355 videtur
841 2322 923 2356 eius
947 2322 1267 2367 vituperationis,
1294 2336 1411 2369 quam
1440 2326 1556 2360 C'zisar

22 2366 23 2370 ’
92 2369 248 2414 scripsit
275 2370 318 2403 de
345 2370 530 2403 Catone.“
557 2368 593 2402 S.
622 2381 682 2414 ep.
709 2371 792 2410 573,
819 2373 851 2405 3.
879 2371 961 2410 574,
991 2375 1022 2405 1.
1050 2389 1096 2396 —
1121 2373 1295 2408 Muscam.
1334 2373 1557 2408 Vielleicht

94 2428 173 2450 war
207 2417 285 2450 Der
320 2417 384 2450 ein
419 2417 623 2464 gelehrter
649 2418 791 2451 Sklave
827 2418 890 2451 des
925 2417 1083 2452 Attikus
1119 2420 1199 2453 und
1237 2420 1426 2455 Aufseher
1457 2422 1555 2457 iiber

91 2464 199 2498 seine
224 2463 641 2499 Biiclierabschreiber.
668 2483 713 2490 -
740 2467 837 2511 quod
860 2478 929 2511 quo
954 2473 1000 2502 st.
1029 2466 1068 2500 id
1094 2474 1138 2502 ut
1165 2479 1208 2502 eo
1226 2468 1399 2513 facilius.

17 2563 19 2566 ι
186 2525 220 2557 2.
272 2523 582 2569 συμβουλευτικόν,
609 2525 817 2558 consilium
847 2526 894 2559 de
930 2525 1148 2560 ordinanda
1185 2538 1227 2561 re
1264 2528 1443 2573 publica,
1490 2528 1555 2563 ein

17 2575 25 2606 .’
91 2571 330 2618 νοτ-εοῌεζ,
358 2573 434 2606 wie
462 2573 524 2606 das
553 2573 851 2607 Gemeinwesen
879 2584 938 2606 am
967 2572 1106 2607 Besten
1132 2575 1408 2610 einzurichten
1433 2579 1554 2612 wiire.

24 2636 26 2666 3
90 2619 183 2666 Vgl.
211 2631 269 2664 ep.
298 2622 382 2661 531,
417 2621 451 2654 2.
478 2622 560 2662 582,
588 2622 620 2655 2.
648 2623 730 2660 582,
757 2623 790 2656 3.
817 2624 897 2659 587,
927 2623 1008 2656 588.
1035 2623 1118 2664 591,
1145 2625 1180 2658 2.
1220 2642 1262 2649 -
1305 2635 1410 2669 saepe
1446 2636 1557 2659 conor

25 2672 26 2697 l
91 2666 136 2698 ad
164 2666 362 2701 Caesarem
400 2668 592 2708 scribere,
629 2668 723 2708 „ich
757 2675 866 2716 v‘vage
901 2669 1010 2702 mich
1035 2681 1142 2704 zwar
1175 2671 1231 2704 oft
1262 2673 1350 2706 an.“
1399 2673 1556 2707 Attikus

25 2705 26 2718 ¹
90 2713 195 2748 hatte
222 2714 304 2747 ihm
333 2716 405 2748 Das
433 2716 683 2763 angerathen.
719 2734 767 2741 ——
805 2717 870 2750 sed
895 2717 996 2750 m‘lzz’l.
1036 2736 1083 2742 ·-
1121 2722 1153 2750 et
1179 2729 1270 2752 sane
1297 2720 1440 2767 quidem
1465 2727 1558 2755 statt

137 2785 214 2818 Cic.
228 2785 354 2819 Brlcfe
369 2786 654 2819 v.I’.i}lorb.1!1.
1198 2782 1252 2820 20
