1795 3081
193 79 288 126 114
454 76 518 123 M.
555 76 605 122 Τ.
642 72 986 123 CICERONIS
1021 73 1401 125 EPISTOLAE.

192 199 350 247 miror,
392 195 509 249 quod
546 208 633 234 non
671 208 792 234 suam
831 196 1003 248 potius3
1047 195 1122 236 scd
1158 195 1287 246 illud,
1328 195 1445 249 quod
1473 209 1562 236 non
1604 196 1659 236 ad

192 267 327 292 suam.
398 253 488 305 Ego
532 257 677 290 autem
723 251 865 289 tiibus
911 251 1067 303 primis
1112 254 1287 292 verbis·
1340 251 1457 290 Ouid
1509 258 1660 291 noster

194 309 380 347 Paetus?
423 307 481 344 At
510 307 587 346 ille
618 303 840 356 adiurans,
872 319 1085 358 nusquam
1121 321 1166 346 se
1202 310 1394 359 unquam
1433 307 1658 346 libentius.
1776 335 1778 339 -

149 363 294 403 21100
324 364 360 399 si
391 361 541 400 vorbis
573 367 792 400 assecutus
824 374 882 412 es,
928 374 1056 400 ames
1088 360 1141 400 ad
1170 368 1213 401 te
1244 364 1354 401 asse1
1358 375 1427 400 am
1458 375 1547 400 non
1576 363 1658 400 mi·
1772 341 1779 398 1

192 432 271 456 11115
303 417 535 470 elegantes.
595 414 673 454 Sin
711 422 855 454 autem
894 418 1094 469 opsonio,
1133 423 1234 469 peto
1266 429 1289 454 a
1324 424 1379 466 te,
1422 430 1476 456 ne
1517 417 1659 469 pluris

190 487 281 511 esse
312 473 481 522 balbos,
524 484 654 523 quam
694 470 882 509 disertos
914 478 1052 522 putes
1111 471 1186 511 Me
1216 471 1415 523 quotidie
1455 470 1576 510 aliud
1607 485 1660 510 ex

188 528 276 565 alio
309 526 505 579 impedit.
564 524 665 575 Sed,
710 527 747 562 si
786 539 854 565 me
895 526 1147 579 expediero,
1185 533 1234 564 ut
1264 528 1309 564 in
1341 529 1425 565 ista
1456 527 1553 565 loca
1583 539 1658 565 ve-

187 584 286 620 nire
315 583 492 633 possim,
524 593 611 620 non
642 582 930 631 connnittam,
975 588 1024 621 ut
1064 588 1106 620 te
1135 594 1235 620 sero
1266 595 1290 620 a
1319 595 1388 621 me
1420 582 1659 621 certiorem

188 639 354 681 sactum
384 642 524 689 putes,

317 795 641 846 EPISTOLA
681 796 959 846 CCCCLV.
1031 797 1114 856 (ad
1148 798 1264 848 Div.
1301 798 1385 845 IX.
1430 798 1526 856 17.)

343 887 425 921 scr.
452 887 592 919 Romae
619 896 748 918 mense
774 884 915 919 sextili
939 886 983 920 A.
1012 887 1058 923 U.
1088 887 1126 920 c.
1155 888 1234 921 708.
1275 886 1324 928 (a.
1353 887 1393 922 C.
1420 888 1501 929 46.)

183 959 307 1002 Quum
335 959 474 992 Caesal
495 957 688 991 militibus
716 967 826 1004 agros
855 957 1050 990 divisurus
1077 957 1285 996 (liceretur,
1311 958 1441 991 Paetus
1468 962 1654 998 metuens,
1704 990 1707 993 .

183 1019 231 1040 ne
258 1007 396 1040 divisio
424 1006 471 1039 ad
497 1017 582 1039 suos
612 1016 762 1049 quoque
790 1017 859 1053 ειη
863 1016 901 1038 05
928 1006 1154 1051 pertineret,
1187 1011 1391 1052 rogaverat
1418 1005 1655 1046 Ciceronem,

181 1060 225 1087 ut
251 1055 333 1098 sibi,
361 1054 462 1098 quod
489 1055 534 1088 de
562 1054 637 1087 hoc
664 1034 833 1100 negotiot’
847 1054 980 1096 sciret,
1006 1054 1070 1087 vel
1098 1055 1274 1086 futurum
1302 1058 1465 1098 putaret,
1490 1052 1655 1097 perscri-

168 1102 299 1137 beret.
350 1104 399 1136 Ei
427 1102 564 1136 Cicero
593 1101 797 1145 respondet
835 1114 873 1135 se
908 1102 953 1135 de
993 1102 1066 1134 isto
1093 1101 1272 1146 pexiculo
1301 1101 1397 1135 ce1ti
1424 1100 1527 1134 nihil
1553 1101 1654 1135 scire

300 1162 370 1185 nec
397 1150 522 1183 adhuc
549 1149 757 1193 quicquam
784 1149 960 1183 audisse·
951 1174 960 1190 7
994 1149 1153 1183 felenda
1180 1155 1310 1183 tamen
1335 1149 1535 1192 axbitrari,

591 1208 843 1241 quaecunque
871 1197 1095 1231 acciderint.
1140 1201 1244 1233 1-3.

568 1268 747 1304 CICERO
786 1269 830 1301 1..
868 1267 1055 1303 PAPIRIO
1099 1269 1269 1303 PAETO.
1308 1314 1310 1317 v

289 1341 392 1380 Non
422 1347 471 1380 tu
499 1341 632 1379 homo
664 1339 880 1379 ridiculus
911 1354 969 1390 es,
1013 1342 1105 1393 qui,
1147 1354 1281 1393 quum
1311 1340 1471 1379 Balbus
1501 1346 1652 1379 noster

179 1395 297 1449 apud
327 1403 370 1435 te
400 1397 554 1446 sumit,
594 1409 645 1435 ex
686 1409 755 1434 me
787 1409 986 1447 quaeras,
1027 1395 1132 1448 quid
1172 1395 1224 1435 de
1263 1397 1358 1434 istis
1397 1397 1650 1448 municipiis

178 1458 223 1491 et
252 1453 371 1506 ag1is
401 1453 601 1489 futulurn
632 1454 814 1503 putem?
860 1452 984 1502 quasi
1016 1457 1091 1491 aut
1121 1464 1200 1506 ego
1231 1450 1469 1503 quidquam
1498 1452 1649 1501 sciam,

177 1482 302 1559 quod
339 1508 421 1545 iste
460 1508 649 1546 nesciat:
693 1512 784 1555 aut,
823 1507 860 1543 si
899 1504 1006 1558 quid
1045 1482 1284 1558 aliquando
1323 1507 1432 1557 scio,
1471 1519 1559 1544 non
1597 1520 1649 1545 ex

177 1564 263 1600 isto
309 1562 475 1600 soleam
518 1563 647 1600 scire
720 1560 858 1599 Immo
889 1574 1013 1611 xero,
1057 1563 1094 1599 si
1124 1575 1192 1600 me
1222 1574 1354 1611 amas,
1401 1567 1449 1600 tu
1479 1563 1563 1611 fac,
1599 1567 1650 1600 ut

176 1618 328 1667 sciam,
360 1616 466 1668 quid
496 1615 549 1655 de
580 1617 706 1654 nobis
744 1618 943 1654 futurum
975 1618 1053 1655 sit:
1102 1616 1296 1655 habuisti
1333 1617 1449 1654 enim
1487 1617 1532 1654 in
1571 1622 1649 1654 tua

175 1678 408 1725 potestate,
441 1685 493 1711 ex
523 1684 609 1724 quo
639 1671 713 1711 vel
743 1684 794 1710 ex
824 1671 990 1722 sobrio,
1036 1672 1109 1710 vel
1140 1678 1259 1711 certe
1289 1684 1341 1710 ex
1372 1672 1496 1710 ebrio
1531 1672 1647 1710 scire

175 1785 349 1818 finitivus
376 1786 655 1819 admirationis,
684 1789 815 1819 venisse
842 1785 970 1819 Ceteri
991 1797 1077 1819 culn
1096 1786 1168 1819 Md.
1207 1787 1280 1819 ΟΒ.
1300 1805 1346 1809 -
1371 1799 1440 1818 non
1463 1787 1514 1818 ad
1525 1798 1642 1819 suam.

174 1834 223 1866 In
250 1834 336 1867 loco
361 1832 436 1867 hoc
464 1832 690 1867 conservavi
728 1835 964 1878 scripturam
997 1834 1083 1874 Md„
1123 1845 1242 1878 quum
1278 1833 1395 1866 nimis
1422 1833 1570 1866 lubrica
1597 1834 1647 1866 sit

176 1881 301 1914 omnis
328 1882 498 1915 mutatio.
536 1881 735 1915 Sententia
762 1882 856 1915 haec
883 1887 954 1914 est:
982 1882 1109 1926 „quod
1135 1893 1212 1914 non
1240 1894 1344 1914 suam
1364 1881 1521 1914 domum
1536 1881 1645 1915 venit

174 1929 257 1971 (ubi
292 1935 396 1963 recte
432 1930 628 1963 omittitur
660 1930 747 1971 ads)
787 1929 925 1973 potius,
965 1930 1029 1963 sed
1065 1930 1176 1967 illud,
1217 1929 1317 1973 quod
1352 1940 1427 1962 non
1465 1929 1510 1962 ad
1540 1941 1644 1962 suam

176 1976 344 2020 aliquam
372 1977 546 2019 amicam,
575 1989 689 2022 quam
718 1977 838 2011 redux
865 1977 988 2011 visere
1015 1977 1106 2010 alias
1125 1978 1306 2010 solebat.“
1332 1978 1383 2011 Ut
1403 1987 1481 2019 nos,
1505 1977 1643 2011 Bened.

175 2024 377 2060 Sch.Liin.
399 2026 484 2059 sed:
514 2027 610 2071 quod
631 2039 702 2059 non
726 2027 781 2070 rad
803 2039 906 2059 suum
933 2025 1016 2058 scil.
1035 2025 1242 2058 Caesarem.
1274 2025 1463 2059 ORJJLLI.
1491 2025 1642 2069 Nempe

175 2072 312 2105 Caesar
348 2073 414 2106 sub
452 2073 568 2106 finem
605 2072 816 2118 superioris
852 2073 990 2106 mensis
1018 2073 1175 2106 Romam
1213 2078 1383 2114 venerat,
1424 2078 1466 2105 ut
1506 2072 1641 2106 Cicero

174 2125 281 2153 recte
308 2121 441 2153 mirari
468 2132 551 2165 poss
557 2127 593 2154 et
618 2122 778 2154 Balbum
806 2131 826 2154 a
853 2126 962 2166 porta
992 2132 1067 2154 non
1094 2121 1199 2165 prius
1228 2121 1272 2153 ad
1295 2121 1493 2154 Caesarem
1527 2131 1640 2164 quam

174 2168 221 2200 ad
248 2180 285 2201 se
312 2169 470 2202 venisse.
500 2171 599 2204 S'CH.
632 2189 678 2193 —
714 2171 834 2215 Eoo-..o
848 2171 983 2203 ,υενῦιε
1011 2181 1095 2202 eum
1123 2169 1309 2202 allocutus
1339 2180 1455 2210 eram,
1491 2168 1552 2202 die
1579 2179 1640 2201 er·-

173 2220 256 2248 sten
282 2214 436 2258 WVorte,
466 2217 526 2251 die
553 2217 615 2250 ich
643 2218 726 2250 ihm
754 2218 891 2258 zurief,
919 2229 1072 2251 vzv'iren:
1102 2229 1177 2250 was
1205 2216 1335 2249 macht
1361 2228 1479 2250 unser
1506 2216 1639 2249 P'atus?

173 2282 221 2288 -
247 2264 424 2298 adamans
450 2266 658 2309 respondit.
687 2285 733 2289 —-
761 2267 936 2299 libentius
962 2265 1121 2312 degisse,
1159 2275 1201 2298 er
1234 2264 1331 2298 habe
1365 2264 1450 2297 sich
1486 2264 1529 2296 in
1562 2264 1637 2296 sei-

174 2323 262 2345 nem
290 2312 418 2345 leben
445 2325 507 2345 1111
509 2313 628 2360 *ends
656 2313 735 2347 bess
741 2325 782 2346 er
808 2313 1012 2346 befunden.

269 2361 290 2383 ‘²
351 2361 636 2399 (Νῶε-,11111011
674 2361 798 2395 Deine
838 2361 985 2394 blossen
1018 2361 1071 2395 VI
1075 2366 1168 2401 orte,
1210 2358 1333 2393 durch
1360 2358 1481 2393 Deine
1516 2358 1638 2391 blosse

269 2383 302 2393 A...

176 2407 476 2453 Unterhaltung.
504 2429 550 2433 —
586 2413 735 2454 opsonio
762 2415 951 2442 assecutus
979 2420 1028 2450 es,
1066 2408 1223 2449 „durch-
1243 2407 1362 2441 Deine
1389 2407 1564 2454 Ragouts.
1591 2424 1638 2429 --

176 2457 310 2497 balbos,
338 2456 397 2489 (lie
424 2454 641 2492 Slammler,
686 2457 753 2489 Mit
780 2457 1022 2504 Anspiolung
1053 2458 1120 2488 auf
1141 2456 1212 2489 clen
1240 2457 1389 2487 Namen
1417 2454 1562 2488 Balbus.
1591 2473 1637 2478 -—

175 2505 340 2543 ἅιζςρνΐοε,
368 2506 491 2548 qualis
520 2517 602 2552 ego,
630 2506 764 2540 Cicero
792 2511 934 2538 orator.
962 2504 999 2539 S.
1028 2516 1085 2548 ep.
1113 2506 1195 2545 450,
1224 2506 1254 2538 7.

273 2579 303 2609 1.
356 2577 447 2616 Non,
475 2588 513 2620 Ρ
514 2587 544 2609 ο
573 2587 647 2620 quo
674 2577 751 2610 Nae
779 2577 824 2610 de
852 2577 881 2609 Ι.
909 2576 946 2608 F.
978 2575 1145 2609 Gronov,
1173 2574 1271 2606 coni.
1301 2573 1388 2606 Sch.
1417 2575 1511 2606 Liin.
1539 2572 1634 2606 Num

176 2622 228 2655 Cx
232 2628 276 2656 it
307 2625 379 2657 ΟΒ.
409 2644 450 2648 —-
488 2627 551 2670 qni
576 2636 620 2640 ·‘-
648 2625 791 2669 quippe
819 2625 898 2667 qui,
939 2624 1018 2656 (1155
1046 2623 1115 2656 Du.
1150 2642 1196 2646 —-—
1233 2635 1334 2663 (οιι5
1360 2621 1631 2664 Neapolitanis

173 2690 221 2694 -—-
246 2672 372 2714 Immo,
398 2672 646 2720 umgekehlt,
673 2671 877 2706 vielmehr.
906 2691 951 2696 —-
982 2672 1107 2704 nabun<
1113 2673 1397 2713 1ι“...ηοΐ15ἰ(11ο
1423 2669 1504 2700 scil.
1534 2680 1632 2708 eum,

173 2718 342 2752 Balbum.
386 2721 478 2768 Vgl.
506 2721 629 2768 vorig.
656 2720 719 2753 Br.
748 2724 780 2761 §
809 2724 841 2753 1.
871 2733 949 2764 esu}
939 2722 1104 2753 scarum.
1145 2717 1358 2750 Aehnliche
1385 2716 1631 2750 Bokiimmer-
