1795 3081
242 120 334 166 142
503 116 568 162 Μ.
603 116 654 163 Τ.
694 113 1034 163 CICERONIS
1071 112 1451 163 EPISTOLAE.

373 235 689 285 EPISTOLA
727 233 1054 284 CCCCLXIX.
1110 233 1190 292 (ad
1225 234 1339 281 Div.
1376 235 1460 284 IV.
1498 234 1564 293 ll.)

390 325 472 359 Ser.
500 324 638 357 nomae
665 327 826 357 exeunte
852 321 951 367 sept.
979 322 1021 355 A.
1049 322 1093 355 U.
1124 322 1162 356 e.
1190 324 1273 358 708.
1324 324 1372 364 (a.
1402 322 1441 356 c,
1468 324 1548 365 46.)

241 397 406 442 Sulpicii
435 394 676 429 excusatione
701 393 903 426 literarum
931 393 1076 438 saepius
1102 404 1179 426 uno
1208 394 1384 437 exemplo
1412 394 1584 427 datarum
1610 405 1696 438 par-

243 448 309 478 tim
337 447 489 487 accepta
527 443 666 486 partim
702 441 856 482 reiecta,
893 442 1028 486 probat
1063 441 1170 474 illius
1209 442 1417 475 consilium
1456 442 1696 475 administra-

241 495 384 527 tionem
421 490 584 524 Achaiae
621 489 849 534 provinciae
883 489 924 521 in
957 501 995 523 se
1030 488 1256 533 recipiendi.
1307 489 1452 523 Deinde
1487 495 1617 522 narrat
1650 489 1695 523 de

287 544 436 574 senatus
461 538 500 571 in
527 537 701 572 Marcelli
728 536 968 569 restitutione
995 548 1013 569 a
1041 536 1198 570 Caesare
1234 537 1476 580 impetranda
1505 537 1647 577 officio,

621 596 663 618 ac
690 584 736 618 de
763 583 888 617 Servii
914 583 989 616 filii
1015 583 1159 618 studiis.
1201 588 1218 618 1
1235 587 1317 618 -5.

572 657 618 689 M.
647 655 822 689 CICERO
853 654 888 688 S.
916 655 960 689 D.
988 654 1091 688 SER.
1119 655 1352 690 SULPICIO.

349 730 532 782 Accipio
564 728 890 767 excusationem
914 732 1047 776 tuam,
1081 740 1163 779 qua
1193 741 1295 765 usus
1327 740 1384 777 es,
1417 740 1497 766 cur
1525 728 1697 780 saepius

241 786 295 827 ad
324 800 391 825 me
422 786 574 824 literas
613 794 699 820 uno
741 782 938 833 exemplo
977 781 1193 820 dedisses:
1231 782 1307 821 sed
1343 784 1512 834 accipio
1557 796 1609 821 ex
1647 795 1697 820 ea

241 849 381 896 parte,
425 845 636 892 quatenus
676 842 752 875 aut
793 837 1062 890 negligentia
1101 843 1177 875 aut
1214 838 1498 888 improbitate
1528 850 1696 886 eorum,

242 899 317 950 qui
347 895 532 949 epitolas
564 892 798 943 accipiant,
828 891 925 928 fieri
956 892 1128 939 scribis,
1170 905 1222 930 ne
1262 891 1315 931 ad
1354 905 1431 929 nos
1471 894 1697 944 perferan-

241 960 339 992 tur:
384 951 507 988 illam
537 953 707 999 partem
738 946 1044 995 excusationis,
1090 959 1172 997 qua
1216 952 1257 984 te
1300 947 1457 984 scribis
1499 947 1698 984 orationis

239 1014 486 1059 paupertate
512 1024 567 1031 -—
595 1002 658 1040 sic
696 1001 811 1040 enim
850 1001 1043 1052 appellas
1071 1022 1126 1027 --
1154 1000 1309 1039 iisdem
1347 1001 1495 1040 verbis
1537 1002 1696 1053 episto-

243 1064 306 1102 las
335 1061 504 1112 saepius
534 1057 726 1106 mittere,
765 1067 845 1094 nec
878 1068 1010 1093 nosco
1049 1069 1128 1094 nec
1164 1057 1319 1107 probo.
1377 1056 1430 1094 Et
1467 1069 1547 1110 ego
1589 1057 1697 1108 ipse,

243 1129 371 1170 quem
400 1121 449 1153 tu
487 1125 567 1165 per
605 1112 750 1149 iocum
779 1131 833 1138 —
861 1111 924 1148 sic
963 1111 1079 1149 enim
1117 1112 1288 1162 accipio
1320 1132 1374 1137 —-
1402 1111 1573 1149 divitias
1603 1124 1698 1148 ora-

243 1172 366 1211 tionis
406 1169 568 1208 habere
608 1165 730 1211 dicis,
767 1177 836 1203 me
866 1178 953 1202 non
984 1179 1074 1204 esse
1099 1166 1340 1204 verborum
1370 1165 1602 1204 admodum
1632 1166 1699 1202 in-

244 1239 369 1280 opem
399 1215 962 1279 ag1105003629c02'813603cci
999 1222 1115 1258 enim
1154 1233 1241 1258 11011
1279 1233 1452 1259 necesse
1493 1226 1580 1258 est:
1624 1218 1698 1258 sed

242 1289 388 1322 tamen
418 1278 534 1317 idem
562 1298 615 1304 -—
645 1289 724 1314 nec
753 1274 837 1312 hoc
867 1271 1273 1330 εἷρωιέυόμενος-
1302 1276 1431 1313 facile
1463 1274 1568 1314 cedo
1600 1280 1699 1313 tuo-

201 1344 341 1383 2rum
370 1335 639 1386 scriptorum
669 1330 907 1368 subtilitati
936 1336 979 1369 et
995 1331 1250 1384 elegantiae.
1295 1330 1537 1369 Consilium
1557 1335 1697 1378 tuum,

242 1404 328 1445 quo
358 1396 401 1429 te
428 1400 554 1427 usum
584 1385 716 1424 sribis
746 1385 829 1422 hoc
858 1384 1097 1424 Achaicum
1138 1385 1365 1439 negotium
1400 1397 1487 1422 non
1524 1397 1698 1423 recusa-

240 1448 370 1495 visse,
401 1456 533 1496 quum
563 1453 734 1492 semper
762 1439 1078 1491 probavissem,
1118 1445 1211 1478 tum
1249 1440 1388 1478 multo
1427 1440 1564 1495 magis
1594 1452 1698 1491 pro-

242 1502 360 1550 bavi,
404 1499 528 1537 lectis
567 1497 654 1535 tuis
697 1495 911 1546 proximis
953 1495 1107 1533 literis.
1181 1494 1339 1532 Omnes
1376 1496 1490 1532 enim
1529 1507 1697 1543 causae,

242 1570 348 1610 quas
379 1563 708 1598 commemorem,
738 1550 1001 1588 iustissimae
1030 1555 1130 1587 sunt
1158 1555 1320 1601 tuaque
1357 1556 1400 1588 et
1433 1551 1698 1589 auctoritate

242 1619 286 1652 et
314 1608 549 1664 prudentia
578 1605 870 1661 dignissimae.
931 1603 1057 1656 Quod
1088 1604 1220 1642 aliter
1246 1603 1452 1643 cecidisse
1479 1617 1574 1642 rem
1605 1605 1695 1643 exi-

241 1669 406 1714 stimas,
437 1670 568 1715 atque
597 1661 799 1713 opinatus
829 1660 910 1696 sis:
955 1658 1000 1698 id
1040 1659 1121 1698 tibi
1151 1659 1274 1698 nullo
1305 1658 1435 1697 modo
1467 1660 1695 1699 assentior.

242 1721 343 1773 Sed,
384 1720 486 1772 quia
529 1722 649 1756 tanta
686 1714 964 1767 perturbatio
1003 1720 1047 1753 et
1085 1715 1283 1752 confusio
1323 1720 1388 1753 est
1427 1727 1592 1764 rerum,
1636 1715 1699 1753 ita

243 1837 307 1870 (les
332 1832 560 1871 Schicksals‚
587 1828 775 1863 welchem
804 1826 1021 1866 Marcellus,
1064 1827 1118 1860 als
1153 1838 1195 1861 er
1233 1827 1315 1859 sich
1352 1826 1510 1860 endlich
1544 1826 1598 1859 im
1624 1827 1699 1860 fol-

242 1882 396 1932 genden
422 1880 535 1914 Iahre
561 1879 625 1911 auf
649 1877 721 1910 den
745 1875 851 1922 Weg·
884 1873 984 1907 nach
1011 1875 1151 1908 Italien
1177 1875 1342 1917 machte‚
1381 1873 1519 1909 Nichts
1545 1873 1698 1908 ahnend

244 1936 434 1978 entgegen
459 1928 562 1975 ging.

314 2002 419 2035 SER.
449 1997 682 2034 SULPICIO.
722 1996 758 2030 S.
786 2007 834 2028 zu
861 2006 918 2040 ep.
945 1994 1148 2036 CCCLXV,
1175 1993 1398 2033 CCCLXXI,
1425 1993 1647 2028 CCGCLXI.

337 2065 370 2096 1.
421 2061 546 2093 literas
577 2070 649 2090 uno
683 2058 852 2100 exempIO,
885 2054 1088 2088 denselben
1113 2053 1222 2087 Brief
1252 2054 1290 2086 in
1317 2053 1477 2087 mehren
1501 2052 1697 2086 Abschrif-

241 2116 318 2145 ten.
358 2128 401 2133 —
436 2107 602 2150 improb„
638 2102 946 2138 Unredlichkeit.
987 2121 1034 2126 —
1072 2107 1165 2134 orat.
1198 2114 1323 2146 paup„
1359 2114 1422 2135 aus
1446 2100 1613 2134 Armuth
1649 2113 1696 2133 an

241 2155 457 2197 Aushuck,
485 2166 530 2187 an
555 2153 733 2188 Worten.
761 2171 808 2176 —
842 2151 922 2184 iisd.
947 2152 1038 2184 verb.
1068 2152 1185 2193 epist„
1218 2148 1531 2198 gleichlautende
1555 2147 1693 2181 Briese.

240 2225 288 2232 -—
313 2217 418 2239 nosco
443 2212 492 2234 ’-“-“
517 2213 675 2247 agnosco
701 2201 826 2233 Lamb.
854 2217 899 2223 -
927 2197 1288 2243 εἰρωνεύεσθαι,
1327 2197 1612 2229 dissimulanter
1638 2196 1694 2228 lo-

241 2254 322 2299 qui,
363 2252 464 2285 denn
497 2261 533 2283 es
570 2248 702 2281 bedarf
730 2248 818 2281 hier
855 2246 992 2280 keiner
1026 2245 1252 2279 vel-stellten
1292 2242 1616 2278 Bescheidenheit.
1651 2261 1696 2268 -—-

240 2306 396 2349 εἰρωῃ.,
423 2298 505 2332 scil.
533 2296 669 2337 scribo,
698 2296 850 2340 loquor.
875 2313 922 2319 —
948 2294 1041 2333 cedo,
1068 2295 1186 2325 r‘zium‘
1213 2292 1279 2326 ich
1305 2293 1376 2325 Dir
1402 2291 1490 2324 ohn'
1509 2291 1602 2324 alles
1624 2290 1696 2323 Be-

243 2349 392 2383 denken
418 2347 491 2380 den
517 2345 677 2391 Vorzug·
702 2344 743 2377 in
771 2340 1203 2377 Gedankenreichthum
1220 2341 1298 2373 und
1319 2338 1694 2387 geschmackvollem

244 2397 341 2431 Stile
369 2396 441 2430 ein.
468 2393 670 2428 subtilitati
694 2392 735 2424 in
760 2389 973 2427 sententiis,
1011 2390 1211 2434 elegantiae
1237 2389 1276 2422 in
1301 2388 1437 2422 verbis.
1463 2385 1499 2420 S.
1526 2387 1632 2420 Brut.
1661 2397 1693 2420 c.

243 2448 301 2482 42.
339 2445 432 2478 subt.
467 2447 500 2476 et
534 2442 622 2485 eleg.
661 2444 704 2473 st.
745 2439 817 2472 tibi
851 2437 1036 2483 scriptori
1073 2436 1323 2471 subtilissimo
1361 2440 1398 2469 et
1435 2433 1617 2482 eleganti.
1655 2432 1692 2467 S.

244 2492 449 2535 Ramsh.'§.
475 2491 557 2530 203,
583 2491 617 2530 7,
643 2489 678 2524 2.
706 2499 738 2520 a.

336 2554 372 2587 2.
420 2551 486 2585 hoc
510 2548 709 2582 Achaicum
745 2548 944 2592 negotium,
988 2543 1299 2589 proconsulatum
1324 2540 1488 2575 Achaiae
1514 2541 1694 2588 intellige

242 2599 417 2645 Sulpicio
445 2611 464 2631 a
491 2597 645 2631 Caesare
671 2594 949 2629 demandatum.
977 2610 1021 2618 -
1047 2604 1170 2631 recus„
1203 2589 1421 2638 abgelehnt,
1458 2587 1696 2637 ausgeschla-

243 2661 319 2696 gen
345 2660 393 2680 zu
418 2645 550 2680 haben.
589 2662 636 2669 -
678 2645 978 2686 aliter...atque,
1020 2639 1179 2672 anders.
1196 2663 1203 2672 .
1221 2662 1230 2670 .
1246 2639 1313 2674 als.
1349 2656 1396 2661 —
1436 2638 1606 2680 opinatus
1630 2638 1695 2676 sis,

244 2696 346 2740 quod
384 2695 470 2739 plus
512 2691 708 2726 molestiae
745 2690 864 2724 fuerit
904 2690 945 2721 in
983 2685 1279 2721 administranda
1321 2684 1536 2730 provincia,
1581 2695 1695 2728 quam

244 2742 491 2789 praevideris.
519 2741 619 2775 SCH.
644 2759 687 2766 —
710 2739 790 2780 Sed,
817 2738 928 2771 denn.
947 2752 992 2762 —
1010 2737 1070 2769 tui·
1088 2747 1193 2775 cons„
1220 2733 1316 2768 Dein
1331 2730 1565 2771 Entschluss,
1593 2731 1696 2774 quod
