1795 3081
568 66 889 114 EPlSTOLA
923 68 1075 114 DCII.
1476 71 1572 119 359

99 203 190 238 me,
235 201 321 227 nou
351 189 570 228 haberem.
631 185 697 226 Ad
726 185 1026 237 Dolabellam,
1070 195 1119 227 ut
1148 190 1328 234 scribis,
1375 190 1435 228 ita
1466 194 1612 244 puto2

99 243 362 292 faciendum,
393 238 622 296 κοινότερα
639 242 850 295 quaedam
863 250 913 282 et
939 239 1276 298 πολιτικώτερα.
1307 245 1569 285 Faciendum

100 305 219 339 certe
249 297 419 352 aliquid
448 305 524 338 est.
575 297 713 337 Valde
743 300 859 337 enim
898 297 1133 337 desiderat.
1184 300 1348 340 Brutus
1379 301 1417 338 si
1449 301 1609 353 quid,3

101 355 293 399 curabis,
352 359 401 392 ut
444 355 596 392 sciam:
655 355 728 391 cui
772 352 947 406 quidem
991 356 1313 407 quamprimum
1356 354 1568 409 agendum

101 416 228 461 puto,
270 411 528 462 praesertim
566 410 603 446 si
633 410 799 448 statuit.
859 408 1198 448 Sermunculum
1246 412 1361 448 enim
1397 424 1569 449 omnem

101 470 177 503 aut
214 465 470 503 restinxerit
509 468 583 501 aut
622 462 799 502 sedarit.
871 461 985 502 Sunt
1027 466 1165 509 enim,
1217 465 1293 516 qui
1335 466 1569 518 loquantur

103 522 230 559 ctiam
263 531 448 557 mecum.
507 517 592 557 Sed
622 516 726 557 haec
755 521 847 571 ipse
877 521 1056 571 optime,
1088 521 1349 572 praesertim
1377 523 1413 559 si
1438 523 1569 561 etiam

101 580 246 613 tecum
286 574 503 626 loquetur.
574 571 692 611 Mihi
731 580 795 612 est
837 575 884 612 in
924 576 1070 612 animo
1113 576 1335 626 proficisci
1374 590 1432 614 xi.
1472 576 1566 615 Kal.

101 629 188 667 Hic
218 630 335 668 enim
364 628 480 666 nihil
511 628 648 668 habeo
678 628 793 681 quod
825 642 962 684 agam,
993 643 1046 668 ne
1077 628 1254 669 hercule
1274 630 1365 668 illic
1391 630 1567 683 quidem

101 698 180 723 nec
211 694 418 736 usquam3
456 682 530 722 sed
568 689 713 722 tamen
750 683 914 736 aliquid
952 685 1055 723 illic.
1114 684 1259 724 Hodie
1288 683 1567 738 Spintherem

103 745 318 792 exspecto.
376 737 506 777 Misit
544 741 663 777 enim
693 739 856 778 Brutus
894 737 948 778 ad
986 753 1071 779 me:
1116 753 1196 791 per
1224 741 1377 789 literas
1408 748 1569 794 purgat

103 793 333 834 Caesarem
375 793 427 833 de
464 795 651 834 interitu
681 793 908 834 Marcelli:
954 797 1000 833 in
1039 809 1167 848 quem
1210 790 1264 834 ne
1306 797 1344 835 si
1385 796 1566 835 insidiis

100 847 275 903 quidem
304 849 379 888 ille
417 850 675 889 interfectus
706 857 818 889 esset
848 849 1025 889 caderet
1054 852 1140 889 ulla
1170 851 1376 903 suspicio.
1436 851 1567 890 Nunc

98 917 223 953 vero,
253 918 387 957 quum
418 902 470 942 de
500 904 648 959 Magio
690 911 885 954 constet,
927 919 1068 944 nonne
1109 909 1234 944 furor
1262 907 1356 944 eius
1388 919 1566 945 causam

99 974 270 999 onmem
287 961 501 999 sustinet?
533 960 676 1007 Plane,
709 961 813 1013 quid
839 962 909 1010 sit,
942 974 1026 999 non
1054 961 1268 1013 intelligo.
1298 960 1564 1013 Explanabis

100 1015 252 1068 igitur.
313 1014 587 1067 Quamquam
618 1016 729 1053 nihil
761 1016 918 1063 habeo,
959 1015 1074 1068 quod
1106 1016 1323 1060 dubitem,
1365 1017 1447 1054 nisi
1478 1018 1564 1069 ipsi

99 1069 249 1124 BIagio
281 1082 389 1121 quae
419 1071 556 1109 fuerit
585 1083 713 1109 causa
741 1073 978 1120 amentiae3
1008 1085 1089 1123 pro
1113 1084 1196 1123 quo
1225 1069 1401 1123 quidem
1432 1073 1564 1110 etiam

99 1138 281 1178 sponsor·
294 1124 426 1164 »Sunii
456 1128 594 1164 factus
625 1131 701 1164 est.
746 1125 970 1164 Nimirum
1000 1126 1045 1164 id
1075 1128 1178 1165 fuit:
1211 1125 1415 1165 solvendo
1446 1127 1564 1165 enim

99 1194 185 1218 non
211 1186 318 1219 erat.
351 1180 492 1220 Credo
517 1194 614 1219 eum
637 1182 811 1232 petiisse
841 1180 1100 1221 aMarcello
1131 1179 1317 1234 aliquid,
1350 1187 1391 1220 et
1420 1182 1563 1231 illum,

98 1242 148 1275 ut
177 1241 284 1281 erat,
315 1233 344 1286 -ξ·
371 1237 641 1275 constantius
671 1236 957 1289 respondisse.

193 1327 225 1359 2.
277 1327 404 1364 πολιτ.,
447 1327 717 1359 communiora
755 1327 942 1370 quaedam
970 1334 1008 1360 et
1042 1329 1259 1360 accuratius
1296 1328 1490 1372 disputa-a
1520 1328 1565 1361 de

100 1373 300 1418 republica
335 1374 420 1408 scil.
456 1374 655 1408 mittenda.
706 1374 776 1407 Ich
812 1387 912 1407 muss
946 1375 1024 1409 wol
1061 1375 1125 1408 ein
1152 1375 1283 1410 WVerk
1318 1376 1411 1409 iiber
1443 1377 1564 1423 allge-

103 1422 301 1460 meinere,
346 1421 462 1454 einen
490 1421 624 1456 Welt-
649 1422 728 1455 und
755 1421 998 1455 Staatsmann
1031 1423 1335 1457 interessirende
1364 1424 1492 1470 Dinge
1518 1435 1565 1456 an

0 1505 4 1518 Ι
99 1468 304 1503 Dolabella
349 1468 528 1507 richten‚
577 1470 622 1502 da
661 1469 984 1514 philosophische
1022 1471 1226 1505 Schriften
1271 1471 1406 1505 dessen
1443 1463 1564 1506 Sache

0 1519 4 1554 ξ
100 1518 211 1550 nicht
236 1517 333 1549 sind.
361 1515 396 1549 S.
425 1528 481 1561 ep.
511 1519 594 1558 605,
620 1519 655 1552 2.

195 1568 226 1599 3.
277 1565 415 1598 Brutus
439 1568 472 1598 si
496 1567 586 1609 quid
609 1568 724 1611 egerit
750 1566 816 1600 Cd.
844 1565 924 1600 dec.
947 1572 983 1600 et
1000 1566 1178 1600 Tornaes.
1208 1566 1299 1599 Cdd.
1326 1567 1453 1615 Regii.
1482 1568 1564 1600 Asc.

0 1625 3 1662 Ι
102 1615 134 1650 1,
163 1612 264 1646 Crat.
292 1611 372 1646 Bos.
408 1613 507 1646 Lall.
566 1613 630 1647 Sic
664 1614 782 1646 iidem
813 1614 906 1648 Cdd.
943 1626 1060 1658 supra
1095 1615 1169 1659 Ep.
1199 1617 1231 1649 6.
1259 1615 1286 1657 §.
1313 1617 1343 1649 2.
1379 1615 1567 1659 praebent

0 1667 2 1692 ἱ
101 1666 318 1704 suspectum
346 1674 380 1695 v.
398 1660 538 1704 fecisti.
574 1661 646 1705 Ep.
675 1665 731 1702 14,
760 1663 786 1704 ᾗ,
814 1664 847 1696 2.
886 1669 941 1696 est
966 1664 1006 1695 de
1032 1664 1165 1703 Bruto,
1199 1666 1233 1695 si
1257 1664 1346 1707 quid
1369 1667 1450 1696 erit.
1490 1663 1562 1706 Ep.

0 1698 3 1716 ³
101 1711 158 1743 17.
185 1710 320 1741 Brutus
348 1735 355 1742 .
384 1734 391 1741 .
420 1736 427 1744 .
453 1713 486 1743 si
512 1710 656 1753 aliquid
678 1713 763 1755 egit.
815 1710 866 1743 Ut
892 1721 972 1751 nm,
1000 1711 1074 1745 Md.
1103 1711 1223 1744 Oxon.
1246 1714 1278 1744 1.
1296 1712 1328 1744 2.
1358 1711 1564 1745 Vict.1.2.

0 1791 2 1800 ‚
102 1757 234 1789 Lamb.
263 1759 368 1791 1566.
395 1757 531 1792 Graev.
559 1757 654 1792 Ern.
682 1757 768 1792 Sch.
796 1758 894 1790 Liin.
925 1759 997 1792 OR.
1035 1760 1116 1791 Zur
1133 1757 1254 1792 Sache
1279 1759 1359 1805 vgl.
1388 1770 1445 1803 ep.
1465 1759 1565 1799 DCl,

0 1812 3 1847 ξ
102 1805 136 1838 2.
165 1804 292 1840 Sens.:
319 1807 350 1837 si
377 1804 422 1838 de
448 1805 583 1838 Porcia
611 1805 654 1838 in
681 1806 977 1839 matrimonium
1004 1806 1177 1839 ducenda
1202 1814 1351 1840 certum
1381 1806 1568 1840 constitu-

0 1861 2 1896 ζ
103 1853 194 1885 erit.
222 1853 321 1886 SCH.
352 1871 399 1877 —
437 1855 627 1898 agent-lum,
654 1863 730 1886 non
757 1855 1015 1886 cunctandum
1044 1865 1130 1888 esse.
1158 1873 1205 1877 -—
1246 1858 1281 1888 si
1303 1858 1450 1895 statuit,
1476 1854 1567 1887 falls

100 1911 144 1933 er
170 1912 205 1934 es
233 1900 422 1935 er1.stlich
448 1901 686 1934 beschlossen
714 1901 791 1936 hat.
808 1920 855 1925 —
883 1902 995 1935 Ser-m.
1020 1904 1115 1936 enim
1139 1902 1222 1936 scil.
1248 1902 1397 1948 agendo
1424 1907 1494 1935 cet.
1524 1920 1566 1927 —

102 1953 237 1993 optime
265 1949 345 1983 scil.
374 1956 472 1996 aget.
499 1968 543 1974 ——-
584 1949 770 1993 proficisci
797 1950 1002 1993 Arpinum.
1030 1968 1073 1974 —-
1112 1962 1163 1984 ΧΙ.
1191 1950 1277 1983 Kal.
1307 1948 1459 1989 Sextil„
1506 1961 1567 1982 am

102 1999 160 2031 22.
190 1997 325 2030 lulius.
351 2016 398 2021 —
439 1998 583 2043 aliquid
606 1999 684 2030 illic·
708 2000 749 2031 in
775 1998 936 2041 Arpino.
975 1998 1066 2033 Vid.
1095 2009 1152 2042 ep.
1178 2001 1259 2038 601,
1285 2001 1317 2033 2.
1347 2016 1388 2022 -
1425 1999 1570 2031 Lentu-

103 2047 185 2079 lum
215 2045 441 2089 Spintherem
468 2046 608 2080 filium.
647 2045 682 2078 S.
709 2058 757 2078 zu
786 2057 843 2089 ep.
869 2047 938 2081 823
966 2046 1020 2078 im
1048 2047 1138 2079 Ans.
1176 2046 1234 2079 Er
1258 2057 1342 2079 war
1368 2045 1437 2079 der
1463 2044 1568 2079 Sohn

106 2093 170 2126 des
197 2093 338 2126 bereits
365 2093 698 2141 abgeschiedenen
724 2093 973 2140 ehemaligen
986 2094 1214 2127 Proconsuls
1238 2105 1313 2127 von
1325 2094 1569 2127 Cilicien.—-

104 2143 208 2176 Misit
234 2145 340 2174 enim.
366 2145 422 2175 An
450 2143 587 2175 etiam?
618 2142 690 2179 OB,
717 2143 794 2175 scil.
822 2144 960 2175 literas.
986 2159 1030 2166 —
1068 2144 1108 2175 cle
1135 2145 1307 2184 ιἠΐενὶΐμ,
1335 2154 1473 2189 wegen
1501 2142 1571 2175 der

104 2190 358 2237 Ermordung
384 2190 446 2223 des
461 2189 679 2222 Marcellus.
697 2209 743 2214 ——
770 2193 808 2223 in
835 2202 948 2234 qncem,
976 2190 1187 2223 Caesarem.
1205 2209 1251 2214 —-
1277 2189 1381 2223 Nunc
1406 2202 1486 2223 vero
1506 2217 1512 2223 .
1533 2215 1540 2222 .
1562 2217 1570 2224 .

106 2239 284 2271 sustinet?
317 2250 398 2270 nun
425 2237 532 2277 aber,
569 2237 614 2270 da
644 2238 706 2271 das
733 2238 844 2270 Ende
872 2238 933 2271 des
960 2237 1110 2284 Magius
1136 2237 1309 2271 bekannt
1333 2239 1398 2277 ist,
1435 2237 1574 2271 bedarf

109 2296 146 2318 es
173 2286 253 2319 wol
280 2285 394 2319 mehr
419 2285 474 2318 als
501 2285 570 2318 der
595 2286 750 2319 Raserei
779 2285 901 2318 dieses
928 2285 1160 2326 Meumhen,
1202 2298 1267 2319 um
1304 2286 1366 2318 die
1392 2285 1494 2318 'rhat
1520 2297 1569 2317 zu

109 2334 321 2366 erkl'aren?
337 2353 383 2358 --
396 2335 505 2379 plane
519 2359 526 2365 .
541 2358 567 2366 ..
585 2347 654 2367 non
671 2336 850 2378 intellige,
879 2344 997 2376 quare
1009 2332 1145 2366 Brutus
1157 2334 1354 2367 Caesarem
1383 2339 1525 2378 purget
1550 2344 1569 2364 a

107 2382 348 2424 suspicione:
399 2393 487 2414 nam
545 2381 585 2414 id
637 2394 723 2416 rem
776 2389 992 2425 suspectam
1040 2381 1191 2416 fecerit.
1252 2380 1474 2414 ERNESTI.
1522 2399 1570 2404 —

111 2432 338 2474 Quamquam
364 2457 371 2464 .
400 2455 408 2462 .
435 2457 442 2463 .
471 2431 658 2470 dubitem,
708 2429 897 2464 wiewohl
943 2429 1022 2461 mir
1061 2429 1201 2462 Nichts
1245 2441 1292 2461 an
1337 2428 1407 2461 der
1447 2427 1569 2461 Sache

106 2477 366 2510 unerklarbar
405 2477 478 2520 ist,
528 2479 583 2512 als
622 2479 710 2511 wie
748 2478 898 2523 Magius
937 2478 978 2509 in
1019 2477 1106 2510 eine
1145 2477 1277 2510 solche
1312 2475 1443 2509 Raseri
1479 2486 1569 2509 ver-

106 2525 230 2558 sallen
266 2525 424 2559 kouute.
461 2544 502 2550 —
537 2526 668 2570 factus
695 2530 746 2558 est
781 2524 1004 2557 Marcellus.
1036 2543 1082 2549 --
1120 2528 1295 2558 nimirum
1323 2526 1363 2556 id
1378 2523 1462 2566 fuit
1486 2523 1568 2557 scil.

108 2573 210 2616 quod
237 2573 424 2616 sequitur.
475 2573 599 2614 Quum
628 2574 733 2606 enim
761 2572 968 2605 Marcellus
993 2573 1071 2605 iam
1098 2571 1211 2605 Sunii
1237 2583 1308 2617 pro
1327 2571 1456 2618 Magio
1482 2581 1568 2615 spo-

107 2621 306 2665 pondisset
331 2631 403 2653 nec
430 2628 561 2656 tamen
585 2622 745 2655 haberet
771 2618 940 2667 Magius,
968 2620 1070 2654 unde
1096 2621 1184 2654 aliis
1211 2620 1468 2653 creditoribus
1493 2618 1570 2652 sol-

107 2676 238 2709 veret,
278 2668 392 2702 credo
420 2680 508 2703 eum
535 2670 692 2715 petiisse
719 2681 738 2700 a
765 2668 977 2708 Marcello,
1007 2674 1049 2701 ut
1074 2669 1149 2700 sibi
1175 2668 1290 2701 aliam
1320 2667 1479 2711 insuper
1503 2677 1571 2711 pe-

109 2718 266 2751 cuniam
302 2723 477 2752 mutuam
514 2718 635 2752 daret.
682 2717 782 2752 SCH.
809 2734 855 2741 —
891 2717 1164 2760 *leons-cantius
1200 2717 1443 2761 respondisse,
1493 2714 1573 2748 und
