1795 3081
577 44 897 94 EPlsToLA
935 42 1115 92 CCCC.
1516 47 1576 91 11

116 169 234 208 baris
264 166 443 206 auxiliis
472 166 782 205 fallacissimae
823 165 966 219 gentis
997 165 1317 218 rempublicam
1347 163 1579 204 defenden-

115 223 228 269 dam,
258 223 520 276 praesertim
548 227 705 260 contra
743 221 988 260 exercitum
1023 233 1150 273 saepe
1184 221 1416 259 victorem.
1476 219 1579 258 Non

115 278 307 332 probant
336 279 532 316 fortasse.
603 276 771 315 Multos
808 277 925 314 enim
959 275 1083 315 viros
1121 275 1259 314 bonos
1296 277 1343 313 in
1380 275 1581 314 Africam

114 334 287 373 venisse
317 330 448 370 audio
481 338 524 370 et
552 332 643 369 scio
675 331 808 369 fuisse
826 337 965 369 antea.
1010 329 1153 369 Valde
1178 331 1377 369 hocloco
1398 343 1579 384 urgeor.

114 389 205 427 Hic
234 400 407 440 quoque
437 400 545 440 opus
576 393 641 426 est
671 399 787 426 casu,
820 385 900 436 [ut]
933 386 1072 437 aliqui
1102 386 1190 424 sint
1212 396 1278 424 ‘ex
1315 387 1376 424 eis
1407 391 1497 436 aut,
1542 385 1580 422 si

115 449 274 497 potest,
306 455 469 493 01111105,
510 443 585 494 qui
627 442 810 480 salutem
854 446 1137 493 anteponant.
1204 439 1319 478 Nam
1358 442 1394 479 si
1432 452 1579 492 persc-

115 505 273 538 verant
296 504 340 537 et
362 498 584 536 obtinent:
617 495 723 548 quid
752 497 879 534 nobis
910 498 1109 534 futurum
1134 495 1206 545 sit,
1237 495 1374 535 vides.
1433 495 1579 544 Dices,

116 552 222 606 quid
251 553 358 602 illis,
389 554 428 591 si
456 553 569 591 victi
600 549 760 591 erunt?
791 551 1038 590 Honestior
1068 556 1132 590 est
1155 551 1298 606 plaga.
1357 550 1482 589 Haec
1511 563 1581 589 1110

115 609 388 650 excruciant.
446 605 638 659 Sulpicii
663 613 809 645 autem
840 607 1088 656 consilium,
1119 618 1207 643 11011
1238 607 1469 658 scripsisti,
1501 608 1623 648 curtl

115 676 212 703 meo
242 677 331 701 non
360 668 672 716 anteponeres:
714 661 832 714 quod
871 663 953 701 etsi
990 675 1077 700 non
1107 668 1196 700 tam
1226 661 1471 716 gloriosum
1502 666 1581 710 est,

115 732 245 772 quam
276 720 468 769 Catonis,
500 725 645 757 tamen
681 723 725 756 et
753 718 955 770 periculo
985 730 1176 756 vacuum
1211 723 1276 755 est
1317 722 1361 755 et
1410 715 1580 754 dolore.

115 775 372 814 Extremum
402 780 466 812 est
497 786 665 824 eorum,
704 774 780 825 qui
808 774 855 810 in
884 772 1051 811 Achaia
1080 778 1193 812 sunt.
1252 771 1290 809 Ii
1319 778 1467 810 tamen
1497 771 1583 823 ipsi

115 843 160 869 se
189 829 274 869 hoc
302 830 460 868 melius
490 829 652 868 habent
681 841 810 880 quam
840 841 931 874 1105,
973 826 1090 880 quod
1127 834 1170 866 et
1204 827 1336 865 multi
1365 832 1466 866 sunt
1493 837 1582 865 11110

117 886 164 923 111
193 885 293 923 1000
325 891 382 935 et,
414 897 548 936 quum
579 885 625 922 in
655 882 831 922 Italiam
860 883 1081 933 venerint,
1122 882 1299 921 domum
1328 884 1478 922 statim
1507 894 1584 920 ve-

123 941 286 979 nerint.
344 939 468 978 Haec
504 946 554 978 tu
591 952 741 993 perge,
791 944 842 977 ut
880 939 1005 989 facis,
1058 939 1266 993 mitigare
1306 944 1349 976 et
1388 937 1583 989 probare

118 1009 247 1049 quam
277 995 497 1048 plurimis.
557 993 686 1045 Quod
708 1000 750 1033 te
768 1006 973 1044 excusas,
995 1006 1075 1049 ego
1096 1006 1205 1033 vero
1237 999 1281 1032 et
1309 998 1407 1031 tuas
1433 995 1624 1035 causas5

115 1108 196 1144 Non
216 1110 380 1154 probant
394 1107 495 1152 for-t.
522 1107 595 1141 hoc
625 1119 755 1141 meum
782 1106 981 1140 iudicium.
996 1126 1044 1132 -—
1066 1111 1164 1141 viros
1181 1109 1300 1149 bonos,
1327 1112 1370 1140 ut
1391 1105 1583 1139 Catonem.

119 1175 163 1183 —
189 1169 334 1202 urgeor,
360 1167 437 1190 von
463 1156 587 1189 dieser
612 1155 714 1189 Seite
740 1154 860 1189 werd'
886 1154 950 1188 ich
976 1154 1064 1189 sehr
1083 1156 1122 1187 in
1148 1155 1208 1189 die
1228 1157 1338 1203 Euge
1361 1154 1584 1201 getrieben5

118 1204 382 1238 abeundumne
398 1204 446 1237 sit
472 1205 513 1236 in
525 1203 697 1236 Africam
724 1214 795 1237 nec
821 1214 892 1244 ne3
920 1203 986 1237 sed
1007 1204 1161 1237 Videtur
1179 1203 1385 1236 inclinasse
1404 1202 1446 1233 in
1470 1200 1584 1234 illud.

118 1253 218 1286 Nam
243 1264 332 1286 mox
356 1253 515 1298 Sulpicii
541 1254 732 1285 consilium
759 1251 922 1296 opponit
946 1262 1032 1293 51103
1062 1252 1167 1295 atqui
1192 1251 1387 1296 Sulpicius
1414 1249 1453 1282 in
1476 1248 1587 1282 Italia

119 1306 310 1334 manserat
335 1312 405 1333 nec
431 1300 471 1332 in
497 1299 668 1332 Africam
696 1300 795 1332 ierat
832 1311 917 1332 cum
953 1299 1041 1332 aliis
1076 1299 1171 1332 viris
1196 1299 1321 1333 bonis.
1360 1296 1585 1331 ERNESTI.

119 1366 167 1373 —-
195 1348 282 1392 [ut]
319 1347 381 1381 Sic
407 1347 580 1380 Lambin.
607 1347 750 1390 Recepi
777 1358 862 1380 011111
890 1346 948 1390 [].
1013 1348 1055 1380 Si
1087 1349 1205 1392 aliqui
1239 1346 1328 1381 Sch.
1359 1345 1459 1378 coni.
1488 1346 1584 1377 Liin.

11 1412 16 1437 f
122 1407 194 1430 om.
236 1401 273 1429 et
310 1400 351 1428 ut
385 1400 421 1428 ct
458 1398 491 1428 si
527 1395 624 1428 Cett.
667 1405 754 1426 011111
787 1395 877 1428 Cdd.
914 1396 987 1428 ΟΒ.
1030 1394 1235 1438 Praeposui
1270 1393 1505 1438 particulam
1540 1394 1585 1426 εἰ.

122 1443 261 1478 Cicero
287 1443 379 1475 aits
404 1454 521 1486 quum
556 1442 671 1474 multi
697 1441 773 1474 sint
798 1443 1134 1486 Pompeianorum,
1173 1442 1240 1486 qui
1273 1440 1346 1474 sibi
1371 1441 1466 1474 vitio
1501 1452 1588 1473 ver-

121 1495 215 1533 tant,
245 1490 345 1534 quod
370 1500 447 1523 non
474 1490 589 1523 simul
624 1501 710 1522 011111
745 1489 791 1521 iis
818 1490 859 1521 in
885 1491 1057 1522 Africam
1085 1490 1187 1528 ierit,
1221 1501 1335 1521 unam
1364 1500 1440 1522 0550
1467 1488 1587 1522 ratio·

122 1550 210 1572 110111
247 1549 379 1571 eorum
413 1538 510 1569 iram
546 1537 771 1584 effugiendi,
811 1537 842 1569 si
869 1548 955 1569 casu
981 1537 1101 1580 aliqui
1130 1549 1176 1570 ex
1201 1537 1249 1569 iis
1276 1536 1364 1577 sint,
1406 1536 1472 1580 qui
1498 1536 1585 1580 ipsi,

122 1591 164 1618 ut
191 1585 307 1618 saluti
334 1596 420 1618 suae
445 1585 696 1629 prospiciant,
731 1584 774 1616 ab
813 1585 928 1617 armis
964 1584 1159 1618 discedant
1191 1590 1255 1617 aut
1281 1595 1409 1618 omnes
1436 1583 1508 1616 hoc
1534 1585 1588 1617 fa-

123 1634 242 1675 ciant,
270 1633 372 1677 quod
397 1638 525 1666 tamen
551 1632 617 1666 vix
647 1633 859 1676 exspectari
885 1633 1016 1677 possit.
1046 1634 1147 1666 SCH.
1164 1651 1212 1656 —
1234 1645 1328 1677 pers.
1354 1636 1387 1665 et
1409 1633 1585 1665 obtinent.

121 1681 195 1715 Sed
228 1681 259 1714 si
294 1686 458 1728 pergant
492 1681 556 1713 illi
591 1680 811 1724 Pompeiani
853 1680 894 1712 iu
929 1680 1064 1714 Africa
1104 1680 1251 1714 bellare
1300 1685 1338 1714 et
1379 1679 1587 1713 victoriam

123 1729 328 1771 obtineant,
356 1740 538 1776 magnum
568 1727 665 1760 mihi
690 1728 734 1760 ab
762 1728 810 1761 iis
836 1728 1036 1773 impendet
1060 1728 1294 1773 periculum.
1317 1728 1419 1761 SCH.
1436 1747 1478 1752 ——-
1501 1727 1593 1773 quid

122 1780 198 1811 illis
223 1777 301 1817 fiet,
326 1777 498 1809 futurum
526 1781 590 1811 est.
615 1796 663 1801 —-
688 1778 833 1810 Honest.
862 1782 914 1810 est
934 1778 1063 1822 plaga,
1089 1775 1286 1810 honestius
1314 1780 1369 1809 est
1393 1786 1465 1819 pro
1492 1775 1589 1809 bona

125 1836 234 1858 causa
268 1825 348 1869 pati
383 1829 420 1858 et
444 1824 597 1858 iniuriis
624 1828 689 1857 aut
715 1829 838 1858 morte
865 1824 976 1863 affici,
1019 1836 1132 1868 quam
1165 1830 1359 1868 tamquam
1388 1822 1587 1856 hominem

125 1873 402 1906 inconstantem
438 1878 475 1906 et
507 1876 573 1916 qui
606 1884 626 1905 a
660 1873 847 1905 bonorum
883 1872 1054 1917 partibus
1091 1878 1154 1905 aut
1185 1877 1291 1906 metu
1327 1876 1392 1904 aut
1427 1871 1586 1904 levitate

124 1921 240 1953 animi
268 1920 420 1961 defecit,
447 1920 582 1964 puniri
606 1925 743 1961 morte,
772 1920 919 1954 exsilio.
952 1920 1162 1954 GRONOV.
1189 1939 1236 1946 -—
1269 1920 1390 1953 Haec.
1411 1943 1419 1953 .
1436 1931 1587 1961 excruc„

124 1968 221 2002 diess
249 1968 335 2001 sind
361 1968 422 2001 die
449 1968 672 2008 Gedanken,
709 1967 771 2001 die
797 1968 904 2001 mich
931 1969 1081 2012 qualen.

219 2042 252 2073 ll.
301 2039 431 2073 Servii
458 2041 626 2085 Sulpicii.
660 2039 696 2074 S.
725 2052 774 2072 zu
802 2051 860 2084 ep.
890 2039 1092 2081 CCCLXV,
1120 2040 1172 2073 im
1193 2039 1378 2086 Anfange.
1429 2039 1486 2072 Er
1506 2051 1590 2074 war

126 2088 167 2120 in
194 2087 335 2121 Italien
362 2088 574 2135 geblieben.
604 2106 648 2112 ——
675 2100 784 2134 quam
813 2089 973 2128 Catonis,
1002 2087 1068 2132 qui
1093 2100 1130 2121 se
1157 2089 1197 2120 in
1215 2089 1386 2122 Africam
1413 2088 1590 2128 contulit,

126 2141 168 2168 ut
194 2135 341 2168 bellum
367 2141 525 2169 renovet
553 2141 590 2170 et
615 2136 833 2170 libertatem
859 2141 1025 2170 tueatur.
1064 2137 1273 2170 CORRAD.
1310 2155 1358 2161 —
1393 2141 1428 2169 et
1452 2136 1588 2178 dolore,

126 2183 208 2216 und
234 2195 277 2216 er
303 2184 410 2227 qu'dlt
436 2183 520 2216 sich
547 2184 658 2216 nicht
684 2184 799 2218 selbst
825 2184 896 2216 mit
912 2185 1153 2227 Vorwiirsen,
1181 2185 1256 2220 wie
1283 2184 1359 2218 ich.
1386 2202 1433 2208 —-
1457 2185 1591 2218 Extre-

126 2243 224 2264 mum
251 2237 302 2264 est
329 2245 463 2272 eorum,
491 2244 570 2264 nun
598 2232 685 2264 sind
712 2232 812 2265 noch
848 2232 910 2265 die
936 2233 1185 2277 Pompeianer
1219 2232 1345 2280 iibrig.
1379 2252 1426 2258 —
1459 2235 1591 2267 statim

126 2282 300 2321 venerim',
335 2280 415 2312 und
448 2280 541 2314 weil
576 2280 853 2327 sie...grades
887 2280 1030 2326 lVeges
1065 2282 1144 2315 wol
1178 2280 1277 2313 nach
1308 2282 1432 2315 Hause
1464 2280 1590 2328 gehen

128 2327 292 2360 (1111·[1011.
345 2327 624 2361 Consecution'e
649 2329 855 2361 verborum
881 2329 1096 2372 postulante
1123 2328 1211 2362 dedi
1237 2332 1389 2362 venient.
1418 2330 1520 2362 SCH.
1543 2347 1590 2352 —

127 2376 239 2415 Haec,
267 2375 396 2408 solche
426 2376 505 2408 und
531 2375 779 2422 dergleichen
807 2376 1015 2410 Gedanken
1041 2377 1120 2409 und
1146 2377 1279 2423 Dinge.
1319 2396 1364 2402 ·-—
1401 2381 1591 2423 mitigare,

130 2423 170 2455 in
197 2423 273 2455 mir
297 2435 344 2455 zu
370 2423 549 2463 mildern,
578 2424 685 2456 mich
713 2424 876 2456 dariiber
900 2437 947 2456 zu
974 2424 1196 2471 beruhigen.
1227 2444 1275 2449 —-
1294 2428 1400 2471 prol).
1421 2439 1452 2472 q.
1475 2428 1590 2470 plura,

128 2471 207 2503 und
241 2470 300 2503 bei
338 2481 375 2503 so
411 2471 537 2505 viclcn
573 2472 719 2505 andern
758 2472 811 2503 als
849 2472 1022 2519 moglich
1048 2485 1095 2505 zu
1122 2473 1414 2521 rechtsertigen.
1475 2474 1589 2516 Haec,

130 2530 225 2562 quae
254 2524 386 2551 contra
410 2531 470 2553 mc
497 2524 596 2558 sunt,
621 2520 752 2560 velim,
791 2524 833 2551 ut
860 2520 1031 2564 coepisti,
1068 2521 1107 2552 in
1146 2522 1379 2555 sermonibus
1409 2521 1465 2565 ita
1490 2526 1592 2555 exte-

132 2578 221 2599 nues
247 2577 289 2598 ac
316 2566 476 2607 1111111135,
512 2572 553 2600 ut
581 2578 692 2614 qnam
719 2568 906 2612 plurimos·
942 2569 981 2600 in
1015 2574 1118 2602 tuam
1155 2570 1381 2603 sententiam
1417 2569 1590 2603 adducas.

130 2615 235 2649 MAN
240 2615 306 2649 UT.

226 2683 258 2716 5.
314 2683 418 2724 Quod
442 2687 474 2715 le
503 2694 654 2716 excusas.
708 2682 822 2715 Recte
851 2683 1039 2715 Manutius
1068 2683 1282 2716 intellexit:
1323 2683 1425 2727 quod
1458 2689 1495 2717 te
1529 2694 1593 2716 ex·
