1795 3081
225 93 323 144 270
489 91 556 138 M.
592 90 644 137 Τ.
681 87 1024 140 CICERONIS
1058 85 1443 137 EPISTOLAE.

222 220 275 254 ut
301 213 386 253 tibi
411 210 622 262 scribam,
655 209 763 264 quid
791 209 903 249 mihi
930 208 1161 250 videatur:
1191 231 1247 239 ·-
1276 209 1380 250 nolo
1412 208 1529 249 enim
1559 219 1695 264 nego-

223 270 280 309 tii
310 269 522 319 Quintum
552 269 738 306 fratrem
769 265 1008 319 quidquam
1038 261 1224 305 habere:
1254 264 1372 319 quod
1400 264 1560 305 videor
1582 263 1696 303 mihi

225 324 497 365 intellexisse
527 323 610 361 tibi
648 322 795 362 videri
834 321 964 360 idem.
1022 320 1255 372 Publilius,
1297 322 1335 360 si
1365 320 1698 373 aequinoctium

224 385 472 434 exspectat,
517 384 568 417 ut
597 378 757 417 scribis
786 376 991 416 Aledium
1022 375 1196 427 dicere,
1240 377 1530 431 navigaturus
1569 373 1696 414 vide-

220 444 311 477 tur.
368 433 487 473 Mihi
516 440 662 472 autem
693 433 868 472 dixerat
895 445 976 485 per
1004 431 1220 472 Siciliam.
1278 431 1439 472 Utrum
1478 436 1522 469 et
1558 441 1697 482 quan-

223 491 294 539 do,
323 490 462 530 velim
501 491 631 529 scire.
699 489 753 527 Et
792 489 929 528 velim
969 486 1223 540 aliquando,
1264 500 1399 540 quum
1445 487 1535 525 erit
1570 491 1698 523 tuum

222 544 519 595 commodum,
548 544 788 583 Lentulum
824 555 1012 596 puerum
1040 544 1158 582 visas
1188 544 1317 595 eique
1348 540 1401 581 de
1439 540 1693 593 mancipiis,

223 615 336 656 quae
366 601 451 642 tibi
478 598 723 650 videbitur,
752 599 986 638 attribuas.
1043 597 1184 638 Piliae
1214 604 1259 638 et
1285 598 1460 637 Atticae
1494 596 1695 636 salutem.

387 762 709 813 EPISTOLA
745 762 997 813 DXLVII.
1046 760 1130 823 (ad
1163 761 1266 809 Att.
1301 762 1411 810 XII.
1443 761 1546 820 29.)

356 854 438 889 Ser.
464 854 626 888 Asturae
654 855 814 886 exeunte
840 851 977 884 Martio
1003 850 1046 885 A.
1074 851 1120 885 U.
1149 850 1191 884 c.
1218 852 1301 886 709.
1337 851 1386 891 (a.
1411 851 1451 885 c.
1479 851 1559 893 45.)

223 927 280 962 De
306 925 403 960 Silio
429 930 474 958 ut
498 924 652 966 scribat,
682 927 817 971 rogat,
859 933 929 956 cur
964 920 1038 956 hoc
1074 926 1251 967 tempore
1288 934 1375 956 cum
1402 923 1520 956 Bruto
1555 933 1696 957 conve-

260 975 347 1011 nire
371 974 482 1017 nolit,
510 972 689 1008 ostendit.
718 976 747 1006 1.
775 970 885 1016 petit,
912 975 954 1004 ut
980 971 1182 1018 negotium
1204 970 1250 1005 de
1268 970 1393 1005 hortis
1413 971 1601 1016 expediat⁴
1620 972 1657 1006 2.

730 1043 908 1078 CICERO
933 1043 1113 1077 ATTICO
1142 1042 1176 1078 S.

334 1119 490 1169 Silius,
521 1123 571 1158 ut
596 1117 770 1167 scribis,
801 1114 947 1155 hodie.
1003 1116 1109 1157 Cras
1131 1116 1272 1171 igitur
1294 1116 1368 1155 vel
1388 1117 1536 1169 potius
1561 1129 1696 1168 quum

223 1177 409 1232 poteriS,
454 1174 635 1223 scribes,
680 1174 718 1211 si
758 1170 864 1224 quid
903 1172 1005 1222 erit,
1047 1185 1182 1223 quum
1229 1170 1411 1211 videris.
1478 1171 1573 1211 Nec
1612 1184 1695 1227 ego

223 1234 411 1273 Brutum
440 1232 536 1269 vito
568 1241 648 1267 nec
677 1234 823 1266 tamen
852 1227 905 1266 ab
938 1240 988 1266 eo
1014 1227 1282 1266 levationem
1305 1228 1445 1266 ullam
1466 1233 1694 1280 exspect05

225 1287 302 1329 sed
331 1292 460 1327 erant
483 1297 654 1335 causae,
685 1296 766 1322 cur
788 1282 872 1320 hoc
899 1288 1098 1335 tempore
1121 1283 1222 1321 istic
1246 1296 1337 1322 esse
1357 1283 1548 1322 nollem:
1582 1294 1695 1335 quae

225 1346 263 1384 si
292 1342 546 1390 manebunt,
578 1337 825 1392 quaerenda
857 1339 945 1377 erit
973 1338 1198 1377 excusatio
1226 1337 1282 1376 ad
1308 1339 1520 1387 Brutum,
1551 1344 1608 1388 et,
1644 1342 1697 1377 ut

181 1396 339 1439 2nunc
370 1403 450 1447 est,
480 1407 712 1434 mansurae
741 1392 963 1433 videntur.
1020 1392 1088 1432 De
1116 1392 1275 1443 hortis,
1315 1406 1476 1446 quaeso
1507 1393 1694 1447 explica.

217 1478 1696 1498 ffl—ffl———Q

225 1539 349 1572 diirfe.
375 1555 423 1561 —-
448 1545 522 1569 non
538 1559 546 1567 .
562 1559 570 1567 .
587 1545 754 1580 aequum,
780 1543 899 1577 quum
929 1529 1092 1574 Quintus
1119 1530 1273 1575 quidem
1301 1530 1544 1571 solutionem,
1576 1541 1693 1574 quam

224 1586 404 1621 civilium
444 1583 637 1617 bellorum
677 1580 906 1614 difficultate
944 1579 1109 1613 afflictus
1146 1580 1359 1613 necessario
1401 1579 1563 1619 distulit,
1609 1589 1692 1612 eam

224 1645 332 1670 nunc
357 1634 484 1666 facere
516 1636 671 1675 paratus
704 1630 764 1662 sit.
804 1628 985 1662 MANUT.
1023 1645 1071 1651 —
1112 1631 1298 1672 negotii..
1317 1629 1514 1673 quidquam
1550 1627 1694 1668 habere,

225 1684 306 1717 dass
332 1681 439 1715 mein
464 1679 614 1712 Bruder
641 1675 811 1710 dadurch
837 1677 877 1708 in
904 1674 1182 1722 Verlegcnheit
1208 1674 1395 1721 geriethe.
1423 1693 1466 1700 —
1501 1675 1692 1709 Publilius,

225 1731 262 1765 S.
288 1731 370 1771 541,
398 1732 431 1763 1.
457 1746 503 1751 —
530 1728 795 1772 aequinoctium
816 1736 994 1765 vernum,
1022 1723 1123 1767 quod
1145 1723 1286 1756 incidit
1306 1723 1347 1755 in
1365 1735 1446 1756 v111.
1464 1723 1547 1756 Kal.
1563 1722 1691 1767 April.

224 1797 268 1806 —
306 1778 554 1822 navigaturus
588 1776 732 1808 videtur·
764 1773 805 1805 in
842 1772 1024 1813 Africam,
1070 1771 1210 1818 gerade
1252 1783 1301 1804 zu
1340 1771 1440 1804 nach
1472 1770 1610 1803 Africa.
1645 1788 1691 1796 —

223 1833 328 1861 tuum
354 1825 543 1863 commod„
582 1822 712 1856 sobald
752 1833 789 1855 es
820 1821 894 1853 mit
926 1819 1073 1853 Deiner
1099 1819 1437 1862 Bequemlichkeit
1471 1818 1692 1866 geschehen

223 1876 342 1909 kann.
377 1893 424 1899 —
460 1873 655 1907 Lentulum
676 1882 844 1914 puerum,
879 1868 947 1902 Cn.
975 1867 1130 1900 Lentuli
1157 1867 1379 1900 Dolabellae
1406 1872 1442 1901 et
1467 1858 1619 1899 Tulliae
1644 1865 1693 1898 fi-

223 1925 334 1964 lium,
362 1933 477 1967 quem
503 1924 627 1953 matre
653 1923 815 1954 mortua,
841 1921 951 1961 patre
977 1915 1141 1957 absente,
1176 1927 1265 1948 avus
1291 1915 1394 1949 tueri
1420 1915 1588 1948 debebat.
1617 1915 1690 1950 cfr.

225 1985 283 2017 ep.
310 1973 391 2006 548.
419 1971 501 2005 376.
539 1967 761 2001 Tuus-tanus
787 1978 844 2010 ep.
865 1965 911 1997 ad
927 1964 1123 1997 Midleton.
1149 1974 1193 2007 p.
1210 1966 1297 1998 184:
1323 1968 1430 2008 putat
1457 1974 1533 1997 esse
1559 1962 1690 1995 filium

223 2020 376 2055 Tulliae
410 2029 455 2052 ex
489 2016 627 2050 ultimo
659 2015 796 2047 marito
823 2015 859 2046 P.
887 2012 1067 2053 Lentulo,
1107 2022 1222 2055 quem
1257 2013 1292 2045 ei
1325 2011 1465 2044 tribuit
1491 2011 1621 2044 Ascon.
1648 2010 1692 2043 in

223 2070 346 2104 Pison.
373 2067 456 2101 init.
478 2062 704 2099 Plutarchus
731 2062 826 2095 dicit
852 2073 935 2095 eam
963 2065 1151 2094 mortuam
1177 2060 1274 2106 παρά
1293 2061 1446 2105 Λέντλῳ,
1472 2059 1575 2103 quod
1591 2058 1691 2091 Tun·

224 2117 360 2151 stallus
387 2115 433 2148 de
459 2113 598 2146 marito
626 2110 827 2158 intelligit,
863 2120 939 2142 non
976 2108 1021 2141 de
1056 2108 1196 2149 domo,
1232 2113 1382 2142 mortua
1417 2107 1521 2141 enim
1557 2111 1612 2140 est
1646 2106 1690 2139 in

222 2163 379 2199 Tuscul.
406 2162 539 2207 patris,
565 2160 676 2195 ERN.
709 2158 806 2204 παρά
831 2159 971 2201 Λέντλῳ
997 2156 1071 2190 soll
1096 2155 1247 2189 heissen
1270 2156 1343 2190 bei
1369 2155 1461 2190 oder
1484 2154 1570 2188 bald
1588 2154 1689 2187 nach

223 2214 293 2248 der
319 2212 466 2246 Geburt
492 2209 613 2243 dieses
639 2207 811 2247 Knaben,
841 2206 915 2240 deu
942 2205 1078 2238 Cicero
1103 2205 1278 2239 Lentulus
1303 2209 1457 2237 nannte.
1493 2222 1536 2229 —
1571 2203 1689 2237 Piliae

223 2268 270 2297 et.
304 2260 341 2294 S.
367 2271 416 2293 zu
443 2269 500 2302 ep.
526 2260 596 2292 5³15
624 2269 682 2290 am
709 2255 834 2289 Ende.

319 2311 351 2344 1.
400 2307 505 2340 hodie
531 2311 566 2339 te
594 2304 796 2338 conveniet
824 2307 860 2336 et
884 2307 1012 2335 tecum
1040 2299 1285 2344 colloquetur
1316 2299 1362 2334 de
1387 2299 1591 2333 hortorum
1622 2308 1691 2331 ne-

225 2356 343 2406 gotio.
379 2354 599 2389 ERNESTJ.
633 2372 680 2378 —
713 2355 747 2385 si
772 2352 862 2397 quid
885 2353 967 2391 erit,
1003 2361 1112 2396 quum
1145 2349 1230 2390 vid„
1269 2360 1383 2382 wenn
1408 2349 1536 2381 Etwas
1564 2345 1688 2379 durch

223 2406 347 2440 Deine
372 2401 621 2449 personliche
648 2398 995 2434 Zusammenkunft
1029 2397 1103 2430 mit
1136 2396 1217 2429 ihm
1251 2397 1364 2430 sollte
1399 2394 1564 2429 erwirkt
1589 2393 1686 2427 sein.

222 2473 269 2479 —
294 2455 460 2487 Brutum.
488 2451 523 2485 S.
552 2462 609 2494 ep.
635 2451 716 2489 545,
742 2450 775 2483 2.
811 2467 858 2472 --
891 2451 997 2480 erant
1027 2456 1167 2483 causae,
1202 2444 1268 2477 ich
1293 2444 1390 2478 habe
1415 2443 1542 2476 meine
1569 2443 1687 2475 Ursa-

225 2502 337 2536 chen.
363 2520 410 2526 -—
437 2503 534 2541 istic,
560 2498 701 2531 Romae
727 2496 793 2530 sub
821 2496 899 2530 eius
925 2495 1146 2528 adveutum.
1190 2492 1236 2526 In
1261 2497 1435 2525 senatum
1463 2491 1520 2524 ire
1547 2489 1683 2523 noluit.

222 2550 313 2584 Vid.
343 2561 400 2593 ep.
429 2546 604 2593 praeced.
633 2547 660 2588 ξ.
687 2547 720 2578 2.
757 2563 791 2568 —
820 2556 943 2589 quaer.
969 2546 1048 2576 erit.
1077 2552 1207 2581 est-cus„
1247 2550 1315 2582 „so
1342 2542 1494 2573 iniissen
1518 2540 1597 2572 wir
1621 2538 1689 2570 auf

224 2599 311 2632 eine
337 2596 680 2642 Entschuldigung
706 2592 931 2626 beisssrutus
957 2589 1120 2624 bedacht
1153 2589 1276 2622 sein.“
1326 2588 1438 2621 Denn
1466 2587 1593 2620 einem
1618 2596 1685 2618 aus

223 2647 350 2680 seiner
382 2645 546 2678 Provinz
580 2640 992 2675 zuriickkommenden
1026 2638 1186 2671 Senator
1219 2636 1335 2670 einen
1366 2632 1686 2670 Willkommsbe-

223 2694 317 2728 such
343 2706 390 2726 zu
417 2692 592 2733 macheu,
613 2689 781 2738 ‚ge-horte
807 2688 868 2722 bei
895 2688 970 2721 den
997 2686 1164 2720 R61nern
1190 2690 1306 2717 unter
1332 2683 1393 2716 die
1418 2681 1684 2715 Pflichten.

317 2744 350 2778 2.
402 2743 556 2788 explica,
592 2739 718 2786 bring’
744 2737 806 2772 die
833 2734 953 2772 Sache
987 2735 1027 2768 in
1052 2731 1198 2768 Betreff
1231 2732 1294 2766 des
1323 2730 1577 2766 Gartenkaufs
1613 2727 1686 2762 in’s
