1795 3081
286 110 384 155 [138
550 107 616 154 Μ.
654 108 706 154 Τ.
745 106 1083 156 CICERONIS
1118 108 1497 159 EPISTOLAE.

289 230 400 281 quit,
437 227 579 267 iratus
609 225 719 267 est.“
779 226 870 267 Cur
899 229 1091 281 pateris?
1126 229 1318 282 inquam.
1386 229 1510 269 Malo
1542 232 1657 271 enim
1686 232 1748 271 ita

289 284 452 333 dicere,
483 296 627 336 quam,
659 295 740 321 cur
768 284 1040 323 committis?
1069 283 1202 335 „Non
1232 286 1392 337 patiar,
1423 287 1580 338 inquit.
1638 286 1749 327 Cau-

286 353 380 380 sam
410 340 526 378 enim
557 336 758 378 tollam.“
821 338 875 377 Et
915 351 1011 394 ego,
1055 339 1346 390 „Rectissime
1385 340 1608 393 quidem.“
1664 340 1751 381 Sed

289 397 327 435 si
357 406 494 450 grave
522 406 611 433 non
641 399 720 445 est,
750 394 886 433 velim
913 395 1029 433 scire
1050 393 1156 447 quid
1176 396 1234 434 sit
1255 408 1423 435 causae.
1467 396 1629 448 „Quia,
1649 396 1750 436 dum

290 449 547 490 dubitabam
578 461 705 501 quam
738 447 959 500 ducerem,
980 462 1068 488 non
1093 451 1415 490 satisfaciebam
1432 453 1581 501 matri,
1614 453 1678 492 ita
1698 466 1752 490 ne

288 507 359 545 illi
397 504 586 557 quidem.
644 506 774 546 Nunc
809 504 923 542 nihil
958 504 1069 543 mihi
1108 506 1219 545 tanti
1263 512 1340 546 est.
1421 507 1596 545 Faciam
1635 506 1752 560 quod

288 558 493 601 volunt.“
565 560 775 599 Feliciter
819 559 970 611 velim,
1015 561 1208 612 inquam,
1256 567 1384 614 teque
1427 561 1574 601 laudo.
1665 561 1753 601 Sed

289 614 494 670 quando?
523 614 683 666 „Nihil
711 613 878 665 adme,
903 616 1066 668 inquit,
1095 614 1147 654 de
1176 622 1390 670 tempore,
1422 618 1629 668 quoniam
1659 630 1752 656 rem

289 670 477 725 prob0.“
533 671 591 709 At
620 683 717 725 eg0‚
747 671 939 722 inquam,
979 683 1134 710 censeo
1164 672 1303 724 prius,
1342 685 1470 724 quam
1501 674 1753 725 proficisca-

291 729 367 767 ris.
426 725 491 765 Ita
520 726 640 779 patri
670 738 842 778 quoque
880 738 1048 765 morem
1078 727 1278 782 gesseris.
1336 728 1555 778 „Faciam‚
1595 728 1754 780 inquitg,

247 781 339 822 2ut
380 780 574 821 censes.“
641 781 732 820 Hic
768 780 967 836 dialogus
1006 781 1069 820 sic
1109 781 1340 821 conclusus
1382 788 1459 822 est.
1523 781 1611 822 Sed
1648 783 1754 821 heus

289 844 353 888 tu,
400 836 516 876 diem
556 850 701 876 meum
741 837 825 875 scis
870 849 961 875 esse
1001 851 1069 875 ιιι.
1106 835 1223 875 Non.
1265 836 1357 877 Ian.
1399 836 1555 876 Aderis
1599 839 1753 893 igitur.

248 892 568 946 3501=ipseram
597 893 707 931 iam:
740 905 841 931 ecce
870 891 971 940 tibi,
1002 897 1102 930 orat
1130 890 1324 944 Lepidus
1353 898 1403 931 ut
1431 893 1616 932 veniam.
1649 892 1756 945 Opi-

743 948 754 966 Ἰ

289 962 374 987 nor
413 961 601 1004 augures
640 948 703 986 nil
744 948 907 985 nabere
951 945 1005 984 ad
1046 947 1260 999 templum
1303 946 1535 988 effandum.
1605 948 1754 987 Eatur.

289 1001 484 1056 ,Μίασμα
514 997 657 1059 δρυός.
714 1002 978 1043 Videbimus
1006 1006 1050 1041 te
1079 1002 1233 1057 igitur.

288 1135 333 1143 —
362 1128 427 1150 cur
452 1117 664 1156 committis,
691 1127 840 1149 warum
867 1116 1016 1150 machst
1041 1116 1101 1150 Du
1127 1128 1164 1150 es
1191 1115 1361 1150 danach?
1397 1127 1547 1152 warum
1574 1116 1673 1164 gibst
1697 1116 1756 1149 Du

288 1165 372 1199 ihm
398 1163 556 1197 Anlass?
582 1181 627 1188 —
652 1166 796 1205 tollam,
823 1164 887 1197 ich
913 1165 998 1198 will
1023 1166 1285 1213 wegr'a'umen.
1310 1182 1354 1189 —-
1381 1166 1591 1199 Rectissime
1616 1166 1758 1211 quidem

289 1213 420 1255 facies,
443 1212 558 1245 daran
578 1212 687 1245 wirst
713 1213 772 1246 Du
791 1212 952 1246 freilich
978 1211 1068 1246 sehr
1085 1212 1193 1247 wohl
1220 1212 1329 1245 thun.
1351 1231 1395 1238 —
1412 1225 1537 1258 grave,
1553 1213 1625 1246 Dir
1638 1211 1758 1246 zuwi-

290 1262 371 1295 der.
400 1278 443 1284 —
472 1260 598 1300 dubit„
631 1260 878 1309 unschliissig
910 1261 1001 1296 sein.
1038 1279 1086 1285 -—
1124 1273 1233 1307 quam
1271 1262 1433 1295 ducerem
1468 1271 1642 1301 uxorem,
1679 1271 1757 1293 was

288 1311 355 1342 fiir
380 1308 478 1341 Eine
506 1307 572 1340 ich
599 1308 808 1342 heiraihen
834 1309 980 1342 wollte.
1007 1327 1053 1335 —
1077 1321 1120 1342 ne
1146 1311 1206 1342 illi
1231 1310 1382 1355 quidem.
1410 1308 1471 1343 Sie
1496 1320 1579 1343 war
1604 1308 1668 1342 des
1690 1309 1758 1340 At-

288 1357 396 1390 tikus
423 1355 651 1389 Schwester.
689 1357 775 1403 Vgl.
805 1368 860 1401 ep.
888 1358 971 1398 625,
998 1360 1028 1392 1.
1058 1375 1098 1380 —
1133 1356 1411 1392 Nunc...tanti
1435 1362 1498 1399 est,
1538 1356 1632 1390 ietzt
1659 1356 1759 1403 liegt

289 1406 368 1438 mir
393 1416 440 1437 an
466 1403 603 1437 Nichts
631 1414 670 1437 so
697 1405 800 1444 sehr,
827 1405 879 1438 als
908 1406 1052 1438 Mutter
1075 1404 1158 1438 und
1186 1404 1309 1439 Onkel
1334 1404 1484 1439 wieder
1508 1416 1557 1438 zu
1582 1404 1759 1438 befreun-

291 1453 376 1488 den.
412 1470 459 1476 —-
496 1454 670 1486 Feliciter
705 1455 832 1494 velim,
877 1452 971 1485 dazu
1008 1452 1152 1486 mb'cht’
1187 1452 1254 1486 ich
1289 1452 1418 1486 Gliick
1458 1451 1681 1487 wiinschen.
1711 1470 1759 1477 —

292 1501 437 1547 quando
463 1499 608 1533 facies?
630 1519 664 1524 -—
685 1501 790 1534 Nihil
813 1502 864 1534 ad
887 1514 963 1535 me.
979 1526 988 1534 .
1005 1502 1046 1535 de
1072 1506 1245 1545 tempore,
1272 1512 1319 1533 an
1346 1501 1415 1535 der
1440 1500 1527 1534 zeit
1553 1500 1653 1548 liegt
1681 1500 1760 1533 mir

291 1549 440 1588 nichts3
476 1548 703 1595 gleichviel,
738 1548 938 1583 wannehr.
975 1568 1021 1574 -—-
1059 1561 1195 1583 morem
1226 1560 1316 1595 gen,
1350 1549 1424 1583 den
1460 1548 1616 1584 VVillen
1647 1548 1758 1585 thun,

290 1596 490 1630 zufrieden
515 1596 666 1630 stellen.

385 1646 419 1679 2.
471 1646 564 1678 diem
590 1658 706 1679 mcum
732 1645 908 1681 natalem.
949 1664 991 1672 —
1027 1656 1083 1680 111.
1118 1646 1211 1684 Non,
1244 1644 1339 1686 Ian„
1375 1644 1445 1678 der
1469 1647 1504 1680 3.
1529 1645 1678 1679 Ianuar.
1712 1661 1759 1668 —

290 1693 422 1727 Aderis
449 1694 568 1738 igitur
594 1693 635 1725 in
661 1693 890 1727 Tusculano.

387 1743 422 1776 3.
473 1741 698 1784 Scripseram
722 1740 817 1775 haec
844 1745 932 1783 iam,
961 1752 1001 1776 so
1029 1740 1135 1779 eben,
1163 1740 1293 1788 grade,
1321 1758 1369 1765 —-
1395 1745 1480 1774 orat
1505 1739 1587 1773 scil.
1612 1750 1685 1784 per
1710 1739 1760 1772 li-

292 1794 402 1823 teras.
431 1808 473 1814 —
509 1788 551 1824 L.
578 1787 765 1822 Aemilius
792 1790 962 1834 Lepidus,
1000 1788 1167 1823 Caesaris
1204 1788 1403 1822 dictatoris
1437 1788 1624 1835 magister
1649 1787 1759 1831 equi-

291 1842 387 1870 tum.
415 1836 519 1870 SCH.
552 1855 599 1862 -
634 1842 674 1869 ut
698 1839 841 1871 veniam
867 1837 1036 1870 Romam.
1073 1855 1121 1861 —-
1161 1837 1301 1880 Opinor
1326 1832 1759 1881 augures„..effandum‚

292 1897 407 1928 „man
432 1884 545 1918 sollte
570 1885 740 1924 meinen‚
771 1885 830 1918 die
853 1885 1026 1932 Augures
1051 1883 1282 1919 verst'zinden
1311 1896 1348 1918 es
1374 1884 1498 1925 nicht,
1525 1883 1626 1918 ohne
1653 1883 1759 1916 mich

294 1934 368 1966 den
396 1933 500 1966 Platz
537 1944 585 1965 zu
618 1932 703 1966 dem
729 1932 903 1977 TempeL
947 1932 1129 1967 welchen
1164 1932 1278 1966 Casar
1303 1932 1388 1965 (lem
1415 1933 1662 1979 Kriegsgotte
1696 1943 1757 1965 er-
1794 1961 1795 1966 ,

292 1981 415 2014 bauen
449 1980 535 2014 will
568 1981 611 2022 (s.
639 1980 789 2016 Sueton.
819 1981 920 2014 Caes.
957 1992 988 2014 c,
1014 1984 1105 2022 affl),
1146 1980 1247 2013 nach
1284 1980 1402 2014 altem
1429 1979 1580 2012 Brauch
1613 1991 1661 2012 zu
1694 1979 1759 2012 be·
1794 1977 1795 2016 ᾖ

292 2028 496 2069 zeichnen‚
525 2028 794 2063 einzuweihen
820 2028 899 2061 und
925 2041 972 2061 zu
997 2028 1212 2076 heiligen.⁴‘
1265 2027 1377 2061 cessar
1411 2028 1545 2062 wollte
1583 2026 1656 2060 den
1694 2026 1758 2060 Ci-
1794 2041 1795 2051 ¹

294 2087 382 2110 cero
422 2075 528 2110 dabei
564 2077 834 2124 gegenw'zirtig
867 2076 1001 2110 haben.
1042 2078 1215 2119 templum
1253 2076 1363 2121 effari
1384 2088 1433 2110 =
1459 2086 1684 2109 consecrare
1723 2079 1759 2108 et

295 2124 472 2158 dedicare
506 2125 630 2157 verbis
663 2125 894 2159 solennibus,
935 2127 1004 2158 cfr.
1034 2124 1079 2158 de
1106 2124 1221 2172 Legg.
1252 2124 1305 2163 ΙΙ,
1331 2126 1364 2159 8.
1392 2124 1475 2158 Liv.
1500 2123 1544 2165 X,
1570 2125 1626 2158 37.
1669 2123 1759 2156 Gel-

294 2173 369 2205 lius
396 2171 503 2211 XIII,
531 2175 587 2206 14.
622 2172 778 2206 Servius
805 2172 852 2205 ad
882 2172 1021 2221 virgil.
1049 2173 1142 2206 Aen.
1177 2172 1240 2213 VI,
1267 2175 1349 2207 197.
1374 2173 1566 2213 -Eatur,
1591 2182 1627 2205 es
1655 2182 1757 2203 muss
1792 2171 1794 2175 “

293 2220 371 2254 also
397 2219 637 2266 hingereiset
663 2220 841 2261 werden3
884 2220 948 2254 ich
982 2232 1083 2254 muss
1119 2219 1196 2254 also
1230 2219 1337 2254 wohl
1362 2219 1453 2253 hin!
1488 2238 1536 2245 —
1569 2221 1757 2264 Μίασμα

295 2265 459 2314 δρυός]
493 2278 513 2301 0
541 2267 609 2302 der
634 2268 902 2315 Entweihung
936 2268 1006 2302 der
1030 2268 1232 2315 Religion!
1289 2269 1328 2301 o!
1374 2267 1443 2302 der
1480 2267 1758 2302 befleckenden
1791 2264 1793 2273 ’

294 2315 580 2363 Gottlosigkeit.
630 2317 728 2349 Nam
758 2328 777 2349 a
804 2316 961 2350 Caesare
988 2322 1165 2360 tyranno,
1202 2316 1291 2359 quia
1326 2316 1491 2360 patriam
1520 2322 1557 2350 et
1582 2326 1663 2349 rem
1688 2326 1758 2359 pu·
1790 2310 1792 2354 Ξ

294 2364 432 2396 blicam
460 2363 563 2396 bello
590 2362 798 2406 devicerat,
835 2364 946 2397 Marti
973 2370 1162 2397 exstructa
1197 2364 1340 2408 templa
1375 2375 1446 2408 pro
1475 2363 1686 2397 sacrilecriis
1721 2367 1758 2396 et
1790 2374 1792 2404 ξ

293 2411 465 2456 piaculis
494 2410 627 2445 Cicero
665 2412 789 2447 habet.
841 2413 909 2445 Est
947 2417 1071 2445 autem
1109 2415 1248 2458 μίασμα
1274 2409 1380 2459 δρυός
1416 2411 1576 2456 proprie
1639 2410 1756 2443 ictum
1790 2423 1791 2454 3

294 2470 365 2503 pro
392 2459 543 2504 piaculo
579 2459 619 2492 in
654 2471 838 2504 quercum
867 2460 1106 2493 Dodonaeam
1133 2460 1171 2493 h.
1200 2471 1230 2493 e.
1266 2459 1305 2492 in
1339 2460 1528 2504 templum
1554 2459 1655 2492 Iovis
1682 2458 1757 2491 Do·
1789 2476 1791 2508 ἶ

295 2507 432 2540 donaei
457 2506 636 2540 admisso.
687 2507 772 2541 Vid.
802 2507 903 2541 Suid.
934 2513 970 2542 et
996 2508 1171 2553 Append.
1199 2507 1370 2541 vatican.
1407 2506 1707 2553 proverbiorum
1735 2517 1754 2539 a

295 2554 452 2588 Schotto
481 2555 682 2590 editorum.
719 2557 931 2592 GRONOV.
973 2557 1074 2590 SCH.
