1795 3081
457 49 775 100 EPISTOLA
812 47 1128 97 CCCCXCII.
1426 50 1521 98 187

153 172 472 223 EPISTOLA
508 169 827 220 CCCCXCII.
898 169 982 228 (ad
1013 169 1130 220 Div.
1167 168 1302 218 XIII.
1336 169 1443 228 24.)

389 272 468 306 Ser.
494 271 635 305 Romae
662 271 705 304 A.
732 271 778 306 U.
806 269 846 304 c.
873 272 953 305 708.
982 270 1033 309 (a.
1054 269 1094 305 c.
1115 272 1192 314 46.)

63 345 214 380 Gratias
241 344 320 393 agit
345 343 530 388 Sulpicio,
560 342 660 386 quod
686 344 875 387 Lysonem
911 341 985 375 sibi
1018 342 1114 375 falso
1141 347 1376 385 suspectum,
1403 353 1522 386 quum

63 406 150 428 euin
186 394 256 426 sibi
294 405 313 425 a
351 391 539 425 Cicerone
577 390 839 424 commendari
873 389 1043 431 vidisset,
1091 390 1257 434 deposita
1295 390 1523 435 suspicionis

135 441 346 476 offensione
373 438 594 483 complexus
621 438 682 479 sit,
719 449 882 482 eumque
910 437 1035 470 denuo
1063 439 1315 473 commendat.
1348 442 1452 475 1-·3.

543 521 720 555 CICERO
770 520 946 556 SERVIO
997 520 1034 554 S.

173 599 321 638 Ouum
360 601 493 635 antea
533 595 763 646 capiebam
799 607 853 634 ex
892 595 1042 634 officio
1087 607 1186 634 meo
1226 594 1523 648 voluptatem,

63 641 516 708 quod‘Hneminex-am,
555 663 688 704 quam
718 650 801 690 tibi
832 649 1078 705 diligenter
1105 650 1343 702 Lysonem,
1376 651 1524 705 hospi-

1 743 2 746 ,
62 716 154 751 tem
193 715 238 747 et
279 706 552 746 familiarem
590 719 756 756 meum,
807 703 1209 753 commendassem3
1258 711 1352 744 tum
1396 721 1523 759 vero,

0 791 3 814 ς
62 770 351 817 posteaquam
390 774 442 800 ex
473 762 622 801 literis
665 762 763 803 eius
804 762 996 816 cognovi
1034 761 1115 799 tibi
1155 773 1254 800 eum
1297 761 1410 800 falso
1450 777 1524 802 su-

62 825 264 871 spectum
305 818 461 862 fuisse,
519 817 912 855 vehementissime
957 816 1148 855 laetatus
1192 829 1290 854 sum
1328 830 1397 855 me
1434 822 1523 856 tam

63 874 324 928 diligentem
355 874 402 910 in
433 883 482 911 eo
513 870 860 910 commendando
893 873 1043 912 fuisse.
1104 871 1172 911 Ita
1201 873 1321 910 enim
1342 873 1526 925 scripsit

0 947 2 961 ·
62 928 120 969 ad
148 940 231 978 me,
272 928 360 966 sibi
397 939 540 965 meam
570 927 1006 966 commendationem
1047 928 1241 966 maximo
1271 926 1525 968 adiumento

0 1001 2 1012 ·
63 985 218 1032 fuisse,
255 980 374 1036 quod
404 980 460 1020 ad
490 989 535 1022 te
566 982 759 1022 delatum
800 980 973 1022 diceret
1009 995 1103 1021 sese
1134 988 1296 1022 contra
1335 983 1523 1037 dignita-

63 1045 154 1078 tem
184 1044 308 1078 tuam
338 1036 503 1076 Romae
533 1034 585 1075 de
613 1044 657 1077 te
688 1038 811 1091 loqui
841 1037 1027 1077 solitum
1058 1050 1166 1077 esse.
1223 1038 1290 1077 De
1321 1051 1408 1090 quo
1440 1041 1522 1079 etsi

97 1107 147 1133 ro
177 1100 258 1133 tua
286 1092 501 1132 facilitate
532 1099 576 1132 et
606 1092 888 1133 humanitate
932 1101 1173 1148 purgatum
1215 1106 1260 1133 se
1292 1095 1377 1133 tibi
1418 1097 1526 1134 scri-

63 1107 135 1189 bit
164 1159 282 1187 esse:
314 1154 460 1187 tamen
490 1149 706 1200 primum,
735 1154 788 1188 ut
817 1147 974 1198 debeo,
1007 1149 1089 1188 tibi
1114 1150 1326 1188 maximas
1357 1152 1526 1205 gratias

2 1202 3 1205 ’
64 1216 163 1260 ago,
195 1216 330 1256 quum
360 1208 536 1243 tantum
564 1202 723 1242 literae
754 1216 876 1243 meae
907 1209 1171 1258 potuerunt,
1195 1211 1262 1249 ut,
1294 1207 1353 1244 iis
1384 1205 1527 1253 lectis,

65 1272 240 1300 omnem
273 1257 560 1297 offensionem
591 1260 880 1311 suspicionis,
922 1273 1056 1312 quam
1093 1259 1315 1300 habueras
1354 1260 1408 1300 de
1437 1262 1528 1314 Ly-

64 1327 188 1364 sone,
227 1312 496 1365 deponeres:
546 1312 710 1353 deinde
749 1313 904 1355 credas
945 1315 1059 1358 mihi
1097 1315 1343 1355 affirmanti
1388 1304 1528 1358 velini

65 1382 137 1409 me
167 1369 252 1408 hoc
282 1380 375 1407 non
405 1380 488 1420 pro
506 1367 687 1419 Lysone
716 1371 874 1424 magis,
906 1383 1036 1421 quam
1068 1383 1151 1421 pro
1182 1371 1387 1411 omnibus
1418 1375 1527 1412 scri-

64 1425 189 1473 bere,
230 1421 455 1462 hominem
493 1435 586 1462 esse
623 1426 858 1474 neminem,
901 1426 980 1479 qui
1017 1438 1215 1478 unquam
1255 1429 1527 1467 mentionem

67 1481 138 1521 tui
168 1480 266 1518 sine
296 1484 375 1518 tua
405 1492 575 1517 summa
607 1478 740 1518 laude
769 1482 942 1520 fecerit.
1000 1480 1121 1531 Lyso
1142 1494 1251 1520 vero
1276 1495 1408 1535 quum
1441 1497 1527 1524 me-

68 1547 170 1575 cum
208 1545 350 1586 prope
387 1533 590 1586 quotidie
628 1541 743 1578 esset
782 1548 961 1587 unaque
1000 1537 1194 1585 viveret,
1236 1550 1325 1576 non
1367 1538 1526 1589 solum,

67 1591 175 1642 quia
206 1588 402 1627 libenter
432 1601 500 1626 me
531 1586 693 1628 audire
723 1590 1050 1640 arbitrabatur,
1081 1590 1159 1629 sed
1185 1593 1289 1644 quia
1309 1592 1528 1639 libentius

67 1647 165 1697 ipse
194 1643 482 1696 loquebatur,
514 1645 663 1683 omnia
692 1645 806 1687 mihi
835 1652 914 1685 tua
955 1652 999 1685 et
1034 1646 1150 1685 facta
1188 1653 1232 1686 et
1271 1647 1393 1689 dicta
1432 1650 1528 1689 lau-

68 1700 211 1739 dabat.
270 1698 558 1751 Quapropter
594 1700 678 1739 etsi
715 1714 740 1740 a
769 1706 813 1740 te
843 1702 908 1740 ita
936 1708 1177 1752 tractatur,
1216 1708 1267 1741 ut
1309 1705 1398 1742 iam
1440 1708 1571 1748 non3

68 1753 290 1794 desideret
320 1753 752 1794 commendationem
781 1769 924 1795 meam
954 1758 1148 1809 unisque
1176 1769 1222 1796 se
1252 1757 1397 1798 literis
1416 1762 1527 1800 meis

69 1811 218 1850 omnia
249 1816 536 1849 consecutum
567 1815 719 1861 putet:
758 1817 907 1851 tamen
951 1825 976 1851 a
1012 1817 1057 1851 te
1095 1818 1198 1865 peto
1230 1814 1278 1851 in
1309 1816 1528 1854 maiorem

69 1863 272 1912 modum,
302 1870 353 1902 ut
382 1876 482 1903 eum
513 1867 646 1905 etiam
677 1873 809 1919 atque
840 1868 974 1906 etiam
1003 1868 1095 1907 tuis
1127 1867 1299 1917 officiis,
1330 1869 1531 1911 liberali·

163 1982 196 2013 1.
248 1979 458 2024 Lysonem..
474 1982 683 2015 .commend.
706 1981 788 2015 scil.
807 1992 867 2025 ep.
886 1984 968 2018 487.
986 1999 1029 2006 -·
1049 1983 1119 2014 tibi
1144 1994 1222 2014 eum
1236 2007 1243 2015 ·
1257 2006 1264 2014 ·
1277 1995 1374 2027 susp·
1394 1983 1529 2028 fuisse,

70 2028 151 2061 dass
179 2038 220 2061 er
245 2027 286 2059 in
323 2027 449 2061 einem
484 2028 657 2061 falschcn
684 2029 898 2062 Verdachte
925 2030 984 2063 bei
1011 2030 1083 2062 Dir
1114 2030 1324 2076 gestanden
1349 2030 1455 2066 habe.
1482 2051 1530 2057 —

68 2078 129 2110 Ita
156 2075 289 2108 weiset
314 2077 379 2107 auf
403 2075 436 2108 d.
463 2076 559 2122 folg.
587 2088 708 2111 accus.
737 2088 766 2111 e.
794 2077 903 2110 infin.
930 2077 1014 2111 hin.
1033 2096 1080 2102 -—-
1106 2091 1229 2124 magn.
1249 2079 1528 2124 adium-fuisse,

71 2125 122 2158 sei
153 2122 233 2155 ihm
261 2123 350 2156 sehr
374 2134 421 2155 zu
448 2122 593 2157 Statten
619 2124 860 2171 gekommen.

165 2173 199 2207 2,
250 2173 303 2204 De
331 2184 411 2217 quo,
439 2171 478 2203 in
505 2172 685 2205 Betracht
712 2173 830 2206 dieses
856 2174 1007 2206 Puncts.
1027 2191 1071 2197 —
1091 2172 1250 2217 facilit„
1278 2174 1531 2225 Gutmiithig-

72 2219 174 2259 keitq
202 2219 391 2258 humanit„
418 2219 708 2269 Leutseligkeit,
736 2239 780 2245 —
804 2226 1019 2266 purgatum,
1045 2222 1355 2269 gerechtfertigt.
1383 2243 1426 2250 —
1451 2237 1531 2258 ma-

72 2271 192 2300 ximas
230 2277 304 2299 oin.
343 2267 483 2300 Graev„
511 2269 606 2301 Ern.
634 2269 730 2303 Liin.
760 2275 891 2301 contra
919 2269 990 2302 Md.
1020 2274 1090 2302 cet.
1127 2287 1173 2295 —-
1211 2283 1319 2315 quum
1343 2281 1391 2303 =
1416 2272 1527 2316 quod.

71 2334 118 2340 —
144 2319 282 2359 potuer.
312 2314 409 2359 apud
435 2320 484 2354 te,
510 2315 570 2348 bei
595 2316 667 2350 Dir
692 2317 897 2350 vermocht
922 2316 997 2350 hat.
1024 2335 1070 2341 —
1097 2319 1156 2351 iis.
1192 2318 1256 2351 Sic
1292 2320 1439 2364 scripsi.
1476 2321 1533 2354 his

74 2362 212 2396 Ceteri.
249 2364 321 2396 ΟΒ.
363 2382 409 2387 -
442 2363 564 2408 offens.
591 2365 936 2409 susp...deponeres,
963 2365 1038 2398 alle
1065 2365 1415 2410 Empfindlichkeit
1439 2368 1534 2402 iiber

74 2411 148 2444 den
182 2410 596 2446 Ver‹lacht...sahnen
631 2412 784 2445 liessest.
820 2431 866 2436 —
907 2426 978 2446 non
1008 2426 1077 2457 pro
1112 2415 1192 2458 Lys.
1227 2428 1286 2454 m„
1324 2428 1433 2460 quam
1462 2429 1534 2460 pro

74 2471 183 2500 omn„
210 2457 319 2491 nicht
345 2458 442 2491 bloss
469 2459 508 2491 in
535 2460 744 2506 Ansehung
771 2460 832 2494 des
860 2460 1021 2504 Lysons,
1052 2461 1216 2495 sondern
1242 2463 1296 2495 im
1321 2463 1533 2511 Allgemei·

75 2519 159 2541 nen.
191 2525 231 2531 —
259 2519 331 2540 non
356 2509 480 2539 solum.
516 2508 643 2541 Davor
674 2507 823 2541 schiebe
861 2521 949 2541 inan
985 2509 1065 2541 ein:
1105 2519 1152 2542 so
1181 2521 1305 2544 lnuss
1333 2510 1414 2543 ich
1439 2512 1534 2545 Dix-

74 2565 239 2602 sagen,
272 2566 320 2587 ei·
353 2567 386 2589 u.
414 2568 439 2589 s.
465 2567 510 2589 w.
538 2575 583 2580 -
610 2557 738 2589 audire
772 2555 901 2589 laudes
940 2561 1031 2590 tuas.
1075 2575 1119 2582 —
1158 2559 1298 2600 libent„
1337 2559 1409 2592 mit
1436 2559 1533 2595 Ver-

75 2607 243 2649 gniigcn.
274 2602 355 2636 Vol·
381 2604 595 2648 loquebatur
622 2615 701 2650 erg.
730 2604 793 2636 ita.

169 2653 200 2684 3,
252 2654 410 2695 unisque.
445 2650 479 2685 S.
507 2651 656 2687 Ramsh.
685 2654 710 2695 ᾧ.
740 2654 821 2686 157.
858 2652 965 2685 Anni.
994 2655 1028 2694 3,
1058 2665 1089 2687 c.
1136 2652 1283 2688 Grotef.
1319 2655 1347 2697 ζ).
1383 2658 1464 2696 300,
1500 2656 1533 2690 2.

75 2714 119 2722 -
147 2699 437 2744 liberalitateque
463 2699 587 2734 hamb.
616 2706 649 2733 et
676 2699 735 2733 lib.
764 2699 845 2732 Asc.
874 2712 931 2744 pr.
959 2700 1048 2736 Seh.
1078 2702 1147 2736 cfr.
1175 2703 1252 2736 Lib.
1285 2705 1344 2738 13.
1371 2705 1441 2749 ΕΡ,
1470 2706 1533 2738 11.
