1795 3081
238 110 301 157 38
488 106 552 153 M.
589 105 643 155 Τ.
684 101 1024 153 CICERONIS
1061 101 1443 151 EPISTOLAE.

240 230 349 268 mihi
380 230 520 285 igitur
549 233 593 267 et
622 225 738 266 idem
767 225 851 266 tibi
879 225 1082 263 nuntium
1113 224 1295 263 remitti.
1362 221 1487 261 Petet
1516 223 1703 260 fortasse

239 286 418 324 tertiam
456 284 723 336 pensionem.
795 278 1037 321 Considera
1074 280 1228 337 igitur,
1271 284 1436 327 tumne,
1477 289 1611 328 quum
1648 276 1703 315 ab

242 342 336 393 ipso
368 346 588 388 nascetur,
619 350 674 376 an
702 338 840 390 prius,
898 336 1005 390 Ego,
1043 335 1080 373 si
1109 334 1203 372 ullo
1235 332 1365 372 modo
1396 338 1600 386 potuero,
1630 332 1703 371 vel

240 395 468 434 nocturnis
498 393 734 432 itineribus
764 392 984 444 experiar,
1014 395 1064 429 ut
1101 395 1145 429 te
1174 388 1361 428 videam.
1421 386 1493 425 Tu
1523 393 1566 426 et
1596 386 1704 425 haec

240 456 284 488 et
311 451 347 488 si
379 447 483 502 quid
523 450 624 499 erit,
667 446 784 502 quod
823 447 1001 485 intersit
1040 457 1135 484 mea
1174 445 1302 494 scire,
1349 442 1517 482 scribas
1552 442 1703 481 velim.

240 505 365 545 Vale.

340 605 659 656 EPISTOLA
689 604 1040 653 CCCCXVIII.
1078 602 1158 662 (ad
1194 602 1304 650 Div.
1332 603 1466 651 XIV.
1507 603 1606 659 10.)

354 694 437 730 Ser.
465 693 662 728 Brundisii
687 693 771 727 v11.
801 692 856 726 Id.
886 691 1011 735 Quint.
1039 692 1082 725 A.
1109 691 1155 725 U.
1185 691 1224 724 e.
1253 694 1334 727 707.
1371 693 1418 734 (a.
1448 691 1488 725 c.
1515 694 1593 732 47.)

242 766 351 800 Iubet
385 777 545 802 uxorem
579 766 626 800 de
662 764 822 800 consilio
856 774 922 796 suo
958 774 1045 796 cum
1079 762 1207 796 Attico
1242 763 1349 807 loqui
1388 763 1542 808 eiusque
1576 763 1708 798 literas

882 811 1065 856 exposcit.

554 884 773 919 TULLIUS
799 883 834 918 S.
863 883 907 917 D.
934 881 1227 917 TERENTIAE
1253 882 1394 917 SUAE.

354 957 470 1010 Quid
512 958 612 997 fieri
657 958 868 1012 placeret,
913 955 1072 1008 scripsi
1120 953 1175 994 ad
1217 955 1507 1008 Pomponium
1551 956 1709 1005 serius,

243 1026 373 1065 quam
404 1014 617 1067 oportuit.
687 1012 797 1052 Cum
835 1024 887 1051 eo
925 1012 962 1049 si
992 1010 1142 1049 locuta
1182 1011 1283 1056 eris,
1324 1010 1564 1065 intelliges,
1603 1010 1709 1063 quid

241 1069 339 1107 fieri
368 1069 515 1108 velim.
574 1068 783 1120 Apertius
823 1066 976 1116 scribi,
1015 1066 1224 1118 quoniam
1261 1064 1317 1104 ad
1353 1065 1481 1104 illum
1520 1067 1708 1118 scripse-

243 1136 353 1174 ram,
384 1136 558 1163 necesse
582 1136 670 1161 non
688 1124 786 1161 fuit.
825 1121 892 1161 De
923 1134 973 1160 ea
1003 1134 1052 1160 re
1083 1126 1127 1160 et
1156 1120 1210 1159 de
1239 1122 1399 1160 ceteris
1424 1121 1556 1160 rebus
1579 1134 1708 1173 quam

242 1179 436 1230 primum
464 1179 601 1218 velim
638 1178 766 1216 nobis
806 1177 960 1217 literas
1002 1177 1164 1216 mittas.
1235 1175 1551 1216 Valetudinem
1589 1183 1709 1216 tuam

244 1246 350 1272 cura
379 1233 632 1290 diligenter.
690 1232 817 1272 Vale.
881 1246 958 1272 vn.
990 1230 1052 1271 Id.
1085 1231 1273 1283 Quintil.

269 1409 271 1411 Ι
341 1348 661 1398 EPISTOLA
700 1346 997 1395 CCCCXIX.
1075 1347 1159 1405 (ad
1193 1346 1304 1394 Div.
1341 1345 1475 1396 XIV.
1513 1346 1613 1405 13.)

361 1437 440 1471 Ser.
468 1436 666 1469 Brundisii
693 1436 762 1472 VI.
796 1436 853 1469 Id.
882 1436 1010 1478 Quint.
1036 1437 1078 1469 A.
1106 1436 1153 1470 U.
1180 1436 1219 1471 c.
1248 1437 1327 1471 707.
1372 1438 1419 1478 (a.
1449 1435 1488 1469 c.
1516 1437 1592 1477 47.)
1621 1451 1626 1459 -

244 1509 436 1543 Permittit
469 1508 595 1551 uxori,
629 1513 672 1542 ut
707 1507 752 1542 de
791 1508 928 1542 nuntio
965 1507 1197 1554 remittendo
1233 1507 1440 1541 consilium
1468 1519 1512 1542 ex
1538 1513 1712 1553 tempore

917 1556 1050 1601 capiat.

554 1627 770 1663 TULLIUS
795 1627 830 1663 S.
857 1628 901 1662 D.
928 1626 1224 1662 TERENTIAE
1251 1626 1391 1662 SUAE.

355 1699 483 1752 Quod
513 1700 672 1753 scripsi
702 1699 757 1739 ad
784 1707 829 1740 te
858 1701 1074 1754 proximis
1103 1700 1249 1739 literis
1289 1699 1341 1740 de
1371 1702 1528 1740 nuntio
1559 1702 1714 1740 remit-

245 1819 410 1848 nostrum
432 1816 667 1858 potissimum
701 1815 849 1848 tabulas
883 1826 996 1848 novas
1030 1815 1114 1847 scil.
1150 1813 1400 1860 promulgare
1435 1814 1493 1856 (ut
1517 1815 1584 1848 hoc
1609 1816 1712 1848 enim

246 1873 397 1895 sensum
425 1871 504 1894 non
533 1860 713 1903 habere);
748 1867 813 1896 aut
845 1865 1078 1907 potissimum
1109 1866 1165 1895 uti
1197 1862 1276 1902 hoc,
1311 1867 1351 1894 ιιΐ
1376 1863 1451 1895 tab.
1478 1875 1558 1896 nov.
1593 1864 1714 1905 „Dass

248 1909 364 1957 grade
390 1920 505 1943 unser
524 1908 845 1957 Schwiegersohn
866 1910 992 1958 Dinge
1018 1912 1189 1958 anfzingt,
1218 1909 1301 1942 sich
1321 1921 1368 1942 zu
1386 1909 1582 1944 Schulden
1601 1911 1711 1944 kom-

247 1969 337 1990 men
371 1957 473 1995 litisst3
522 1956 600 1991 wie
635 1958 733 1991 diess
770 1958 959 1998 (n'amlich
997 1959 1080 1992 sein
1118 1957 1334 1991 schleehtes
1370 1957 1606 1992 Verh'a'ltniss
1642 1971 1712 1992 zur

247 2005 395 2044 Tullia)
423 2004 517 2039 oder
550 2005 609 2039 die
644 2005 794 2039 tabulae
826 2016 957 2040 novae.
1009 2007 1053 2042 G.
1082 2007 1145 2040 Fr.
1174 2005 1339 2039 Grotef.:
1378 2006 1406 2038 Ο
1432 2006 1511 2038 dii!
1551 2018 1636 2055 gen.
1666 2019 1702 2040 n.

247 2059 326 2098 pot.
354 2052 427 2086 hoc
466 2052 583 2094 velle,
622 2053 766 2086 tabulas
800 2055 938 2087 novas!
990 2055 1116 2089 Ueber
1142 2053 1214 2088 den
1240 2054 1355 2087 Infin.
1396 2054 1459 2087 des
1495 2055 1713 2088 Unwillens

248 2114 275 2135 s.
303 2100 452 2134 Ramsh.
487 2101 624 2144 §.168,
660 2103 693 2137 G.
733 2101 882 2135 Grotef.
921 2103 948 2145 §.
975 2105 1057 2138 311.
1091 2102 1202 2135 Anm.
1240 2120 1285 2126 -
1320 2107 1405 2135 tert.
1440 2115 1538 2147 pens.
1580 2102 1617 2136 S.
1652 2114 1709 2147 ep.

247 2152 330 2190 416,
357 2151 391 2183 3.
412 2167 458 2172 -—
474 2154 634 2183 tamne..
648 2162 716 2183 ..cm
733 2153 849 2195 prius.
883 2150 1106 2184 Consideres
1126 2150 1260 2192 velim,
1287 2155 1418 2183 utrum
1438 2155 1711 2195 exspectemus,

249 2198 369 2230 donec
396 2196 474 2240 ipse
502 2197 713 2230 divortium
747 2197 855 2231 nobis
887 2198 1102 2237 denuntiet,
1137 2209 1184 2230 an
1210 2198 1316 2242 prius
1344 2198 1417 2242 ipsi
1443 2199 1623 2231 nuntium
1650 2210 1712 2232 re·
1758 2225 1759 2229 ,

249 2244 351 2278 mitti
376 2244 536 2288 placeat.
578 2245 822 2280 Constructio
849 2246 1054 2280 verborum
1082 2247 1134 2279 ita
1159 2246 1396 2290 supplenda:
1425 2248 1612 2280 considera
1637 2250 1712 2292 igi-

248 2298 322 2331 tur,
347 2298 482 2330 tumne,
509 2305 616 2339 quum
642 2294 686 2326 ab
712 2297 791 2338 ipso
815 2299 985 2328 nascetur
1012 2293 1230 2335 discidium,
1270 2307 1316 2327 an
1340 2296 1447 2339 prius
1482 2295 1516 2327 ei
1555 2295 1710 2328 nuntius

249 2340 502 2375 remittendus
529 2342 590 2375 sit.
618 2342 720 2375 SCH.
750 2361 793 2367 —
819 2345 1016 2377 nocturnis.
1045 2343 1082 2379 S.
1106 2353 1163 2387 eP·
1183 2344 1268 2381 410,
1294 2345 1315 2377 3
1342 2354 1403 2376 affl
1427 2342 1548 2376 Ende·
1574 2344 1645 2378 408
1675 2345 1709 2378 2·

250 2392 333 2430 396,
359 2391 392 2424 2.
1634 2412 1637 2415 -

347 2452 378 2483 1.
434 2450 531 2493 Quid
545 2449 634 2493 fieri
654 2452 821 2495 placeret
855 2451 936 2484 scil.
966 2450 1010 2484 de
1037 2451 1188 2484 Tulliae
1223 2450 1402 2484 divortio.
1454 2451 1538 2484 Hoc
1562 2449 1711 2498 signifi-

249 2497 329 2530 cari
371 2497 613 2544 intelligitur
646 2509 689 2532 ex
724 2498 883 2543 epistola
916 2500 1102 2542 sequenti.
1143 2499 1244 2532 SCH.
1289 2518 1335 2524 —-
1377 2500 1427 2532 acl
1460 2500 1709 2544 Pomponium,

247 2556 387 2590 nempe
414 2545 573 2590 epistola
598 2546 773 2590 proxime
791 2547 1053 2587 antecedente,
1071 2549 1153 2583 l417.
1169 2550 1349 2587 —serius‚
1369 2558 1426 2591 ep.
1445 2549 1515 2581 417
1535 2546 1708 2589 scripsit:

248 2595 344 2627 illud
369 2606 504 2639 quoque
529 2595 653 2628 vellem
679 2600 801 2629 antea.
829 2595 931 2628 SCH.
968 2613 1014 2619 ——
1048 2597 1114 2628 loe.
1144 2599 1227 2628 eris.
1259 2595 1294 2629 S.
1324 2607 1382 2639 ep.
1409 2597 1480 2629 416
1507 2606 1567 2627 am
1589 2593 1710 2626 Ende.

247 2661 294 2666 —
336 2645 518 2687 quoniam.
559 2641 624 2675 Sic
658 2643 757 2677 Crat.
796 2656 863 2688 quo
903 2654 990 2676 cum
1030 2643 1100 2676 lin.
1135 2644 1210 2676 Md.
1246 2657 1352 2689 quom
1386 2642 1480 2675 Vict.
1520 2645 1556 2677 2.
1603 2653 1711 2688 quum

247 2690 345 2723 Vict.
382 2693 414 2723 1.
449 2689 585 2723 G-raev.
619 2690 760 2725 Bened.
794 2693 935 2736 quondo
969 2693 1086 2737 Neap.
1122 2691 1204 2726 Asc.
1244 2696 1275 2728 1.
1314 2690 1450 2727 Lamb.
1487 2691 1582 2724 Ern.
1622 2688 1706 2726 Sch.
1747 2688 1749 2693 ’

248 2738 343 2771 Liin.
375 2738 451 2775 ΟΒ.
477 2756 524 2764 --
550 2749 616 2774 VII.
642 2740 695 2775 ld.
727 2741 895 2784 Quintil„
928 2751 989 2773 am
1015 2743 1046 2776 9.
1075 2740 1206 2774 Iulius,
