1795 3081
307 54 623 103 EPISTOLA
659 53 951 104 DCXXVII.
993 52 1310 103 DCXXVIII.
1443 56 1542 102 399

31 180 32 202 ³
80 179 221 217 levari
254 190 391 231 quum
422 177 712 228 spectatione,
743 183 837 215 tum
878 175 1012 214 etiam
1053 174 1288 229 religionis
1332 175 1541 228 opinione

82 240 127 272 et
157 234 288 272 fama.
364 231 540 272 Cottam
587 232 699 269 mihi
728 231 864 269 velini
896 232 1059 270 mittas.
1119 231 1336 269 Libonem
1368 236 1584 275 mecumss

83 289 242 337 habeo,
283 295 327 327 et
367 286 604 326 habueram
647 291 747 324 ante
780 284 973 324 Cascam.
1035 285 1200 324 Brutus
1230 286 1343 325 mihi
1375 286 1428 325 T.
1463 287 1542 324 Li-

80 345 198 398 garii
229 343 382 383 verbis
414 342 656 389 nuntiavit,
704 339 823 393 quod
863 339 1118 392 appelletur
1149 341 1197 379 L.
1234 339 1458 381 Corfidius
1495 342 1542 379 in

29 395 30 438 Ϊ
82 400 295 437 oratione
325 397 579 452 Ligariana,
626 403 826 434 erratum
859 408 953 433 esse
984 407 1153 433 meum:
1192 393 1279 444 sed,
1317 403 1368 435 ut
1398 398 1544 445 aiunt,

27 451 29 458 ³
76 446 608 507 ,ιιινι-μοιίκὸι·ἁμάρῑηιιια.
666 448 869 489 Sciebam
891 448 1134 490 Corfidium
1156 453 1544 502 pernecessarium

80 510 396 563 Ligariorum:
442 505 519 545 sed
562 518 661 543 eum
704 505 835 545 video
875 512 977 544 ante
1018 517 1110 544 esse
1155 512 1394 546 mortuum.
1475 501 1543 545 Da

80 567 241 618 igitur„
281 574 459 615 quaeso,
499 562 726 615 negotium
766 561 1005 608 Pharnaci,
1047 561 1232 611 Antaeo,
1275 559 1442 611 Salvio,
1493 568 1543 600 ut

90 614 134 657 id
168 632 325 657 nomen
356 631 406 657 ex
439 617 646 656 omnihus
678 617 807 655 libris
838 616 1038 656 tollatur.

197 808 514 857 EPISTOLA
549 807 863 857 DCXXVIII.
917 806 998 866 (ad
1034 808 1136 855 Att.
1171 807 1302 856 XIII.
1337 808 1438 867 45.)

223 898 304 932 scr.
333 897 373 930 in
399 898 614 932 Tusculano
641 897 695 931 m.
723 895 823 931 sext.
852 895 892 931 A.
919 898 965 931 U.
992 897 1032 931 c.
1059 899 1140 932 709.
1187 899 1235 940 (a.
1259 898 1297 934 c,
1323 900 1400 941 45.)

24 1004 25 1019 ἶ
82 971 138 1004 De
171 970 336 1004 adventu
370 969 542 1004 Caesaris
578 969 617 1002 in
657 969 818 1014 epistola
858 968 938 1002 eius
976 969 1163 1012 nuntiato,
1200 975 1236 1005 et
1273 970 1319 1004 de
1354 969 1546 1004 divisione

24 1021 25 1028 ¹
510 1017 731 1051 hereditatis
759 1016 979 1054 Cluvianae.
1008 1021 1114 1053 1—3.

587 1088 768 1123 CICERO
793 1088 971 1123 ATTICO
1010 1087 1046 1125 S.

190 1162 290 1201 Fuit
323 1159 440 1214 apud
468 1174 537 1200 me
558 1162 713 1201 Lamia
742 1168 841 1214 post,
870 1161 1107 1201 discessum
1137 1167 1261 1201 tuum
1292 1163 1545 1215 epistolam-

83 1231 165 1270 que
203 1216 258 1255 ad
298 1230 366 1256 me
405 1218 557 1256 attulit
592 1218 767 1255 missam
803 1218 887 1256 sibi
927 1231 952 1255 a
991 1217 1200 1257 Caesare:
1247 1231 1358 1270 quae
1393 1232 1546 1270 quam-

84 1287 211 1325 quam
242 1279 342 1311 ante
373 1271 472 1311 (lata
503 1278 599 1310 erat
629 1285 758 1325 quani
781 1273 885 1311 illae
903 1272 1217 1324 Diocharinae,
1250 1280 1395 1312 tamen
1418 1275 1548 1326 plane

83 1390 284 1429 Romanos,
312 1399 490 1433 pompam
517 1388 624 1420 illam
652 1393 850 1432 spectaret.
886 1407 931 1413 —
970 1388 1239 1431 Est...fa·ma,
1277 1400 1346 1430 „es
1378 1389 1426 1422 ist
1451 1390 1549 1423 auch

83 1437 211 1469 sicher
238 1439 301 1468 fiir
328 1435 412 1469 ihre
440 1436 681 1469 Gesuudheit
706 1435 955 1483 wohlth‘zitig,
996 1436 1075 1469 dass
1108 1437 1173 1469 ihr
1199 1435 1367 1469 Gemiith
1400 1438 1549 1471 sowohl

86 1484 209 1517 durch
244 1484 306 1516 das
332 1484 560 1517 Auschauen
596 1483 711 1517 selbst
746 1484 799 1516 als
837 1483 1108 1518 insbesondere
1144 1483 1266 1517 durch
1302 1485 1364 1517 das
1392 1485 1550 1525 Gefiihl,

89 1532 211 1565 durch
242 1531 327 1565 ihre
355 1532 587 1577 Cegenwart
614 1531 711 1565 beim
740 1531 849 1564 Feste
883 1532 970 1566 eine
997 1537 1087 1579 gnte
1114 1533 1299 1580 Meinung
1330 1532 1410 1565 und
1435 1533 1551 1566 lo'bli-

85 1581 184 1613 chen
211 1579 289 1612 Ruf
310 1590 383 1613 von
410 1579 518 1612 ihrer
544 1579 786 1626 Religiosit'zit
812 1591 859 1611 zu
875 1579 1112 1626 bcgriinden,
1140 1592 1266 1614 neuen
1285 1580 1551 1629 Aufschwung

83 1629 291 1676 gewann.“
340 1626 401 1660 Sie
429 1627 604 1659 erschien
631 1639 718 1659 zum
745 1632 872 1661 ersten
889 1628 983 1661 Male
1010 1627 1214 1662 offentlich
1240 1635 1356 1662 unter
1381 1629 1551 1663 anderen

83 1678 230 1724 iungen
255 1677 400 1709 Damen
429 1675 534 1708 ihres
561 1675 729 1708 Staudes.

180 1726 212 1758 3.
269 1723 804 1757 Cottam...Libonem..Cascam
830 1727 872 1755 st.
894 1721 1014 1756 libros
1036 1722 1176 1756 horum
1196 1723 1424 1763 hominunm
1451 1725 1551 1759 denu

87 1783 143 1816 ep.
164 1773 246 1812 592,
265 1775 286 1806 3
314 1771 489 1805 erw'ahnt
510 1771 647 1804 Cicero
675 1771 736 1804 die
758 1770 935 1804 Annalen
962 1771 1025 1804 des
1042 1771 1148 1805 Libo.
1200 1772 1272 1805 Die
1299 1772 1382 1806 drei
1400 1773 1552 1806 Biicher

89 1819 174 1853 siud
200 1820 276 1853 also
305 1819 356 1851 im
385 1821 507 1851 Meere
535 1819 604 1852 der
629 1820 715 1851 Zeit
738 1816 966 1852 versunken.
1016 1819 1157 1863 Popma
1183 1818 1355 1853 versteht
1382 1821 1551 1869 dag-egon

86 1867 236 1900 Rue-her
272 1867 334 1902 des
368 1867 518 1898 Attikus
552 1878 616 1898 aus
652 1866 784 1900 dessen
818 1866 967 1900 Werke
1001 1866 1046 1900 de
1077 1866 1248 1906 familiis,
1286 1879 1363 1901 was
1397 1870 1550 1904 Corncl.

87 1917 184 1959 Nep.
214 1915 254 1947 in
281 1915 411 1948 seiner
442 1914 528 1949 Vita
555 1914 741 1947 erwiihnt.
791 1913 828 1947 C.
857 1914 1037 1947 Aurelius
1064 1914 1183 1950 Cotta.
1210 1917 1280 1950 680
1307 1915 1461 1957 Consul,
1488 1916 1552 1950 ein

88 1974 240 2011 grosser
275 1963 425 1995 Redncr
458 1961 538 1994 und
573 1960 873 1995 Akademischer
907 1962 1128 2006 Philosoph.
1162 1961 1195 1995 S.
1238 1963 1282 1997 de
1318 1964 1402 1997 Nat.
1437 1965 1550 1999 Deor.

89 2012 161 2051 111,
188 2011 324 2043 Brutus
352 2013 408 2046 90.
450 2010 486 2042 Ρ.
523 2008 709 2043 Servilius
747 2009 861 2043 Casca
900 2009 1057 2043 brachte
1090 2011 1175 2044 dem
1213 2010 1327 2044 C'fisar
1359 2011 1419 2045 die
1453 2019 1552 2047 erste

88 2058 246 2093 IVuude
273 2058 344 2091 bei.
384 2057 420 2091 S.
449 2057 494 2090 ad
519 2057 632 2090 Attio.
661 2058 763 2099 XVI,
791 2059 846 2091 15.
887 2057 1060 2103 Philipp.
1088 2059 1138 2099 II,
1165 2061 1221 2092 11.
1255 2059 1360 2101 XIII,
1381 2061 1437 2095 15.
1467 2061 1553 2094 Plu-

88 2106 212 2141 tarch.
241 2105 283 2138 in
311 2106 478 2139 Caesare.
498 2124 542 2130 —
563 2106 660 2151 quod
682 2107 1155 2152 appelletur..Ligariana,
1183 2106 1262 2139 dass
1289 2107 1351 2140 ich
1380 2107 1421 2140 in
1445 2109 1554 2142 einer

89 2153 508 2201 Vertheidigungsrede
548 2153 675 2187 seiner
709 2154 849 2187 Person
887 2152 985 2186 auch
1019 2153 1090 2187 den
1127 2154 1167 2186 1„
1209 2154 1398 2188 Corfidius
1437 2162 1554 2190 unter

92 2202 166 2236 den
201 2202 455 2236 anwesenden
489 2201 715 2235 Fiirbittern
750 2207 906 2235 nennte.
948 2201 983 2234 S.
1013 2213 1068 2246 ep.
1098 2205 1179 2239 604,
1203 2204 1235 2237 2.
1274 2221 1319 2228 —-
1364 2205 1552 2249 Corfidz'us.

91 2250 156 2283 Sic
183 2250 331 2294 scripsi,
370 2254 411 2282 ut
445 2255 499 2283 est
533 2250 751 2283 etiamnunc
781 2250 820 2282 in
846 2251 1056 2295 Ligariana
1082 2251 1108 2292 ᾖ.
1139 2253 1195 2286 33.
1238 2252 1420 2295 Cur-fidius
1456 2251 1552 2286 vict.

91 2302 124 2333 1.
151 2299 185 2333 2.
221 2299 319 2331 Man.
354 2297 480 2332 Lamb.
521 2303 608 2330 cett.
645 2299 835 2332 Carsidius
874 2299 951 2331 Asc.
991 2301 1021 2331 1.
1067 2298 1166 2334 Crat.
1206 2300 1289 2333 ΟΒ.
1334 2319 1381 2324 -
1423 2314 1555 2346 μνημ.

92 2344 261 2392 ἁμάρτῆ
288 2346 497 2379 memoriae
533 2346 692 2390 lapsum,
729 2346 815 2379 eine
852 2345 1235 2381 Ged'sichtnisssiinde.
1278 2367 1324 2373 —
1360 2347 1555 2390 Pharnaci,

92 2390 247 2436 Antaeo,
276 2394 412 2427 Salvio.
464 2393 556 2427 Wie
594 2406 630 2427 es
664 2393 825 2435 scheint‚
865 2405 994 2427 waren
1032 2394 1126 2428 diess
1164 2395 1227 2429 die
1262 2395 1554 2444 sorgfi‘iltiffsten

94 2448 208 2475 uuter
233 2441 306 2474 den
332 2442 460 2475 vielen
477 2441 751 2489 Leibeigenen,
778 2441 929 2475 welche
947 2442 1096 2476 Attikus
1122 2442 1221 2476 bloss
1248 2444 1323 2476 mit
1348 2426 1553 2478 Abscirei·

92 2490 164 2524 ben
191 2489 454 2538 besch'aiftigte.
483 2508 525 2515 —
552 2491 671 2532 libris,
699 2489 968 2533 Exemplaren.

191 2564 225 2596 1.
276 2562 409 2595 Lamia
433 2573 515 2595 war
541 2561 682 2594 damals
709 2561 850 2594 Aedilis
877 2561 999 2594 Plebis
1025 2562 1104 2598 und
1137 2567 1278 2595 musste
1315 2562 1368 2595 als
1403 2561 1556 2595 solcher

95 2612 161 2643 fiir
186 2610 247 2642 die
274 2609 356 2642 ludi
384 2610 542 2642 Romani
569 2620 727 2657 sol‘gen3
755 2612 821 2644 711
850 2609 956 2642 ward
984 2621 1025 2642 cr
1050 2612 1191 2643 I’riiior.
1232 2609 1317 2655 VgL
1346 2610 1391 2643 ad
1417 2610 1554 2644 Famil.

97 2659 162 2696 XI,
191 2660 245 2692 16.
275 2660 331 2692 17.
366 2658 449 2699 XII,
476 2660 532 2692 29.
574 2659 634 2691 Or.
663 2658 701 2689 in
728 2656 851 2691 Senat.
879 2669 914 2701 p.
942 2657 1031 2691 Red.
1061 2669 1092 2691 c.
1120 2660 1152 2693 5.
1192 2657 1292 2692 Sext.
1320 2668 1351 2690 C.
1379 2661 1411 2692 3.
1458 2658 1554 2692 Plin.

97 2706 186 2747 VII,
213 2707 268 2742 52.
308 2705 432 2740 Valer.
461 2705 558 2739 Max.
586 2707 615 2747 1,
642 2708 674 2741 8.
694 2706 1015 2746 -—-.l›z·0c}1m·ina‹·‚
1043 2706 1180 2739 literae
1197 2718 1216 2738 a
1237 2705 1438 2748 Diochare,
1466 2707 1556 2739 Cae-
