1795 3081
231 87 326 133 340
492 81 558 128 Μ.
594 80 646 126 Τ.
684 77 1021 127 CICERONIS
1056 77 1435 127 EPISTOLAE.

190 204 214 242 4
232 212 320 245 tem
351 204 507 242 simus:
541 198 659 253 quod
687 211 969 252 assequemur
999 204 1042 237 et
1071 196 1254 236 tacendo
1287 204 1330 237 et
1358 195 1548 236 latendo.
1607 194 1693 236 Sed

231 258 473 315 aggredere
503 256 736 305 Othonem,
766 261 816 293 ut
845 255 1014 293 scribis.
1063 253 1253 302 Confice‚
1283 254 1345 290 mi
1374 252 1533 301 Attice,
1566 253 1693 291 istam

232 306 338 354 rein.
396 312 524 351 Nihil
555 312 670 350 enim
701 308 823 348 aliud
854 310 1046 361 reperio,
1089 308 1166 345 ubi
1205 313 1250 346 et.
1288 309 1332 345 in
1364 309 1463 345 foro
1494 318 1581 344 non
1610 307 1693 344 sim

231 377 274 409 ct
304 376 449 408 tecum
481 379 571 405 esse
601 366 774 417 possim.
835 363 997 416 Quanti
1027 369 1187 412 autem,
1231 362 1315 400 hoc
1346 362 1455 401 mihi
1495 362 1619 400 venit
1647 361 1692 399 in

231 430 432 463 mentem.
494 424 540 463 C.
570 421 781 458 Albanius
811 420 1038 472 proximus
1069 423 1134 456 est
1161 419 1362 457 vicinus:
1405 418 1441 455 is
1475 431 1540 455 crs)
1572 417 1693 468 iuge—

231 493 330 518 rum
368 478 420 517 de
459 476 521 516 M.
553 476 666 515 Pilio
709 476 828 524 emit,
868 479 918 512 ut
961 486 1056 511 mea
1094 474 1309 511 memoria
1348 478 1427 522 est,
1465 470 1556 510 HS.
1597 483 1693 512 cxv.

232 535 387 573 Omnia
417 533 590 571 scilicet
628 543 743 568 nunc
772 529 971 568 minoris,
1031 527 1117 566 Sed
1157 527 1329 566 accedit
1367 525 1606 579 cupiditas:
1649 526 1703 578 in,

232 603 332 642 qua,
372 594 549 640 praeter
579 586 813 633 Othonem,
856 597 943 622 non
973 589 1080 636 puto
1111 596 1190 621 nos
1219 583 1361 621 ullum
1390 581 1694 620 adversarium

233 645 477 682 habituros.
537 639 624 679 Sed
663 654 761 679 eum
800 641 942 692 ipsum
981 645 1029 676 tu
1066 640 1234 690 poteris
1275 650 1476 676 movere:
1519 636 1696 674 facilius

233 701 380 748 etiam,
411 699 447 737 si
478 696 651 734 Kanum
683 696 878 733 haberes,
940 693 975 731 Ο
1007 695 1156 748 gulam
1186 694 1422 732 insulsam!
1456 690 1594 731 Pudet
1622 703 1692 729 me

232 755 385 807 patris.
445 752 692 801 Rescribes‚
723 751 759 787 si
790 748 896 802 quid
924 749 1060 788 voles.

389 914 710 964 EPISTOLA
744 910 964 961 DXCII.
1007 912 1089 971 (ad
1125 912 1226 959 Att.
1263 911 1393 958 XIII.
1430 911 1529 969 32.)

231 1005 312 1039 scr.
340 1005 379 1038 {n
406 1004 622 1038 Tusculano
650 1014 679 1034 a.
708 1001 741 1034 d.
769 1002 811 1034 v,
840 1002 921 1035 Ka1.
952 1000 1110 1044 Quintil.
1146 1000 1188 1033 A.
1215 1001 1260 1035 U.
1285 1000 1324 1034 c,
1352 1003 1434 1036 709.
1473 1000 1519 1041 (a.
1549 998 1588 1032 C.
1616 997 1694 1041 45.)

230 1077 285 1111 De
321 1076 478 1122 negotio
517 1073 731 1108 Faberiano
766 1073 1013 1107 conficiendo.
1043 1076 1073 1106 1.
1113 1072 1158 1106 de
1194 1071 1422 1105 Dicaearchi
1460 1070 1569 1103 libris
1605 1070 1695 1102 mit-

229 1125 377 1165 tendis3
420 1124 464 1156 (18
498 1122 607 1155 libris
648 1121 725 1153 suis
751 1121 880 1154 Attico
921 1121 1133 1155 reddendis.
1173 1124 1206 1156 2.
1242 1120 1288 1153 de
1316 1119 1539 1163 quaestione
1565 1118 1691 1151 Attico

630 1168 826 1213 proposita
853 1169 898 1202 de
926 1169 1057 1202 decem
1085 1168 1233 1215 legatis.
1269 1170 1303 1203 3.

731 1240 909 1274 CICERO
948 1239 1126 1274 ATTICO
1165 1239 1198 1274 S.

341 1315 537 1354 Alteram
569 1327 593 1352 a
625 1320 668 1353 te
699 1313 928 1366 epistolam
966 1326 1100 1365 quum
1137 1310 1269 1351 hodie
1298 1310 1574 1366 accepissem,
1617 1322 1695 1349 no-

231 1372 296 1409 lui
326 1377 370 1409 te
398 1383 484 1408 una
516 1382 612 1408 mea
650 1375 920 1407 contentum.
980 1367 1052 1405 Tu
1095 1380 1203 1407 vero
1243 1381 1337 1422 age,
1376 1367 1493 1421 quod
1522 1367 1694 1416 scribis,

230 1426 283 1465 de
315 1426 510 1464 Faberio.
571 1424 620 1462 In
651 1437 703 1462 eo
736 1425 853 1462 enim
884 1428 1027 1461 totum
1059 1429 1123 1462 est
1151 1424 1345 1475 positum
1376 1422 1437 1474 id,
1477 1421 1594 1476 quod
1624 1433 1696 1460 co-

325 1543 358 1575 ll.
409 1541 608 1587 aggredere
637 1540 828 1579 Othonem,
855 1549 943 1571 eum
970 1548 1135 1576 111011835,
1174 1549 1220 1571 118
1256 1543 1389 1572 eontra
1422 1549 1489 1572 nos
1516 1538 1694 1578 lineatur,

230 1600 304 1633 quo
330 1589 481 1622 facilius
507 1589 553 1621 ad
577 1587 708 1621 hortos
734 1586 944 1630 pervenire
968 1586 1170 1629 possimus.
1197 1586 1376 1621 MANUF.
1413 1586 1448 1619 S.
1479 1597 1535 1631 ep.
1557 1589 1639 1628 589,
1658 1587 1692 1619 2.

229 1640 310 1678 573,
337 1639 370 1673 2.
411 1638 494 1677 567,
521 1639 554 1671 ll.
587 1636 662 1669 bes.
695 1637 776 1669 563.
809 1636 844 1667 [l.
880 1653 927 1657 —
964 1637 1073 1666 istam
1098 1646 1185 1674 rem,
1217 1633 1350 1667 hortos
1377 1633 1620 1678 Scapulanos.
1647 1651 1694 1658 —-

229 1685 351 1719 Nihil.
368 1685 517 1719 ..aliud
538 1688 693 1728 praeter
719 1682 806 1715 illos
832 1681 975 1715 hortos.
1003 1699 1049 1705 —
1078 1682 1219 1725 Quanti
1242 1687 1363 1715 autem
1389 1682 1412 1715 i.
1432 1693 1461 1715 e.
1490 1693 1609 1725 quum
1634 1693 1695 1715 re-

229 1737 336 1778 puto,
383 1732 518 1776 quanti
560 1741 686 1764 emere
729 1729 871 1774 possim
906 1729 1138 1773 Scapulanos
1180 1729 1323 1767 hortos,
1370 1730 1421 1762 ita
1459 1729 1691 1762 ratiocinor:

230 1792 348 1824 quum
376 1781 418 1816 C.
447 1780 630 1813 Albanius
663 1778 863 1821 proximus
891 1776 1041 1810 vicinus
1070 1788 1126 1811 CIO
1154 1776 1334 1824 iugerum
1362 1778 1426 1810 Hs.
1455 1789 1535 1812 cxv.
1572 1777 1617 1811 de
1643 1778 1689 1810 Μ.

228 1828 326 1861 Pilio
363 1828 510 1869 emerit,
550 1837 652 1859 nunc
687 1825 894 1858 iacentibus
930 1825 1102 1858 omnium
1140 1835 1265 1857 rerum
1300 1825 1433 1869 pretiis
1461 1825 1597 1859 debere
1622 1825 1692 1858 hos

229 1875 461 1920 Scapulanos
489 1875 612 1908 multo
640 1872 801 1906 minoris
828 1883 918 1906 esse.
952 1872 1131 1906 MANUT.
1167 1891 1214 1896 ——
1252 1874 1287 1905 C.
1313 1875 1508 1915 Albanius,
1541 1872 1692 1906 vicinus

228 1922 432 1956 hortorum
457 1923 653 1967 Scapulae.
681 1940 727 1945 -—
753 1921 800 1955 M.
829 1921 938 1961 Pilio,
965 1919 1175 1953 necessario
1203 1919 1335 1953 Attici.
1374 1921 1456 1955 Vid.
1476 1921 1523 1953 ad
1542 1920 1691 1954 Divers.

228 1971 330 2009 VIII,
364 1974 398 2008 8.
432 1992 475 1997 -
510 1977 551 2004 ut
576 1982 654 2003 mea
679 1972 856 2002 memoria
881 1974 935 2002 est
959 1977 1009 1999 =
1034 1972 1215 2011 quantum
1241 1971 1298 2001 vel
1328 1969 1359 2001 si
1396 1969 1491 2002 bene
1517 1968 1693 2001 memini.

227 2038 275 2044 —
302 2020 372 2052 HS.
399 2030 488 2052 CXV.
515 2031 579 2051 um
607 2018 759 2055 115‚000
785 2016 996 2050 Sestertien
1023 2027 1070 2048 z
1098 2018 1227 2053 11.500
1256 2016 1419 2050 Guldenss
1452 2016 1608 2050 Ernesti
1635 2027 1694 2049 er-

228 2067 357 2100 kl‘a'rt:
379 2079 424 2099 z
446 2067 591 2100 centies
619 2064 856 2109 quindecies,
885 2064 918 2098 d.
938 2077 964 2098 s.
992 2066 1059 2098 115
1086 2064 1289 2097 minionem
1315 2064 1525 2098 Sestertien
1550 2075 1598 2095 Ξ
1624 2064 1697 2097 eilf

228 2115 432 2148 Millionen
458 2115 536 2148 und
561 2112 977 2147 fiinfhunderttausend
1003 2111 1166 2145 Gulden.
1193 2131 1239 2136 —
1273 2115 1424 2145 minoris
1447 2112 1565 2156 pretii
1592 2117 1693 2154 sunt,

227 2162 463 2196 wohlfeiler⁴
505 2181 550 2186 —
586 2163 772 2205 cupiditas
803 2173 898 2194 mea.
931 2179 979 2184 —
1017 2162 1177 2200 Kanum,
1217 2160 1256 2202 Q,
1285 2160 1460 2194 Gellium
1487 2160 1637 2193 Kanum
1663 2173 1689 2193 s.

229 2210 388 2251 Canum,
416 2209 534 2243 Attici
562 2215 599 2243 et
628 2209 790 2242 Othonis
817 2208 992 2242 amicum.
1028 2207 1117 2249 „Sic
1143 2208 1216 2244 Md,
1238 2208 1341 2242 Vict.
1363 2208 1452 2251 Sqq.
1479 2218 1526 2239 Ξ
1554 2209 1692 2242 Canum

229 2259 403 2299 (Canium
428 2258 581 2292 volebat
607 2256 731 2296 Corn,
771 2262 811 2289 ut
847 2261 901 2290 est
936 2257 978 2289 in
1005 2256 1103 2290 Edd.
1133 2256 1222 2300 aliq.
1253 2256 1406 2290 Cornel.
1445 2256 1540 2300 Nep.
1575 2257 1690 2290 Attio.

228 2309 286 2340 10.
314 2307 379 2345 2.).
410 2306 485 2340 OR.
519 2324 567 2330 —-
604 2306 633 2338 O
657 2307 783 2350 gulam
808 2307 1009 2339 insulsam!
1050 2303 1262 2347 Scripserat
1294 2304 1442 2348 aliquid
1468 2303 1617 2336 Atticus
1645 2304 1690 2338 de

229 2355 364 2387 insana
390 2353 429 2396 Q.
456 2353 527 2385 filii
555 2353 718 2391 luxuria,
756 2365 870 2397 quam
907 2364 952 2386 ex
985 2352 1091 2385 illius
1130 2351 1292 2396 epistola
1325 2352 1371 2384 ad
1397 2352 1522 2395 ipsum
1548 2352 1690 2397 scripta

228 2402 486 2435 intellexerat.
537 2402 669 2444 Itaque
691 2401 796 2434 addit
816 2400 972 2434 Cicero:
996 2401 1108 2445 pudet
1133 2413 1187 2433 me
1210 2403 1344 2444 patris,
1373 2400 1441 2443 qui
1468 2398 1551 2432 filio
1578 2399 1688 2432 istam

228 2449 423 2482 luxuriam
451 2448 661 2495 indulgeat.
690 2450 791 2481 SCH.
830 2449 945 2483 Recte
970 2448 1064 2481 haec
1091 2447 1136 2480 ad
1164 2447 1203 2490 Q.
1224 2447 1451 2481 Ciceronem
1478 2447 1602 2480 filium
1629 2459 1688 2481 re-

227 2498 319 2530 tulit
344 2497 531 2530 Tunstall.
556 2508 592 2541 p.
623 2498 729 2537 162.;
756 2497 857 2530 unde
883 2496 971 2530 Sch.
1001 2496 1099 2529 coni.
1138 2497 1166 2529 O
1191 2498 1318 2540 galam
1342 2498 1381 2539 (J.
1403 2498 1587 2528 insulsam.
1616 2496 1685 2527 cfr.

224 2550 354 2578 tamen
382 2545 454 2589 Ep.
481 2547 548 2579 39:
587 2545 616 2577 Ο
643 2547 889 2578 incredibilem
915 2547 1115 2578 vanitatem
1130 2545 1143 2576 Ι
1175 2544 1239 2576 ubi
1274 2543 1407 2577 eodem
1434 2542 1520 2576 iure
1547 2543 1688 2575 inseras

231 2596 271 2636 O.
313 2594 503 2626 ORELLI.
530 2611 576 2616 —
601 2594 795 2628 Rescrihes.
830 2593 901 2626 Vel
927 2592 1108 2640 intellige
1134 2590 1179 2624 ad
1207 2591 1246 2633 Q.
1275 2591 1402 2624 filium
1439 2590 1504 2624 vel
1537 2589 1583 2623 ad
1614 2602 1684 2624 me.

228 2641 328 2675 SGH.
367 2640 542 2674 Ersteres
570 2639 705 2674 besser.

319 2715 352 2746 1.
403 2713 574 2754 alteram,
602 2711 675 2745 den
701 2712 868 2746 zweiten
895 2712 1012 2747 Brief.
1035 2729 1078 2738 -
1107 2712 1148 2745 cle
1173 2712 1329 2745 Faberio
1355 2711 1378 2744 i.
1402 2721 1432 2744 e.
1462 2708 1599 2754 expedi
1623 2718 1690 2742 no-
