1795 3081
566 82 881 132 EPISTOLA
915 85 1166 134 DCXLn.
1469 89 1562 134 421

254 204 568 254 EPISTOLA
603 202 848 251 DCXLII.
910 203 992 262 (ad
1026 205 1140 253 Div.
1173 205 1306 254 XIII.
1343 207 1416 264 4.)

261 294 340 328 Ser.
369 293 508 328 nomae
533 303 661 326 mense
688 291 841 325 Octobri
866 292 908 325 A.
936 293 982 326 U.
1010 292 1051 327 c.
1079 295 1159 328 709.
1193 295 1242 333 (a.
1267 293 1306 328 c,
1334 295 1411 336 45.)

114 365 234 408 Quum
263 364 397 398 Caesar
422 375 553 412 agrum
578 363 767 396 militibus
793 362 983 397 divisurus
1021 369 1114 398 esset
1142 364 1251 407 eique
1277 366 1429 413 negotio
1454 376 1564 410 prae-

112 413 263 446 fecisset
299 412 340 455 Q.
375 412 591 450 Valerium,
631 411 725 444 huic
756 411 1022 445 Volaterranos
1056 412 1307 455 commendat,
1346 425 1393 447 ne
1430 425 1563 447 eorum

487 470 578 506 ager
602 458 786 492 divisioni
810 458 1046 494 subiiciatur.
1079 462 1182 494 1—4.

110 534 157 565 M.
185 531 363 566 CICERO
389 530 425 565 S.
455 531 499 563 D.
528 530 568 572 Q.
594 529 810 564 VALERIO
843 529 883 572 Q.
910 530 952 563 F.
981 530 1140 565 ORCAE
1174 531 1370 565 LEGATO
1404 531 1563 565 ΡΒΟΡΙῖ.

218 603 327 643 Cum
357 601 651 655 municipibus
681 601 992 640 Volaterranis
1031 603 1140 641 mihi
1181 616 1348 642 summa
1377 604 1563 642 necessi—

110 657 213 698 tudo
245 664 334 697 est:
365 670 520 712 magno
551 658 667 697 enim
698 669 794 695 meo
818 657 1029 696 beneficio
1050 659 1196 697 affecti
1220 658 1562 697 cumulatissime

109 714 218 751 mihi
252 713 441 768 gratiam
476 713 755 760 retulerunt3
804 724 903 749 nam
945 725 1025 750 nec
1068 715 1113 750 in
1155 713 1398 751 honoribus
1439 713 1562 762 meis,

109 783 181 806 nec
210 769 252 806 in
281 767 508 806 laboribus
537 780 728 818 unquam
758 764 1005 806 defuerunt.
1065 767 1173 806 Cum
1203 768 1359 819 quibus
1389 767 1426 805 si
1454 767 1563 805 mihi

110 823 231 861 nulla
259 835 386 862 causa
416 821 726 871 intercederet,
763 827 921 871 tamen,
958 821 1074 873 quod
1111 828 1154 861 te
1186 822 1563 861 vehementissime

109 878 246 933 diligo
277 876 477 929 quodque
507 889 575 915 me
605 889 629 914 a
658 882 700 915 te
729 876 913 928 plurimi
940 877 1038 916 fieri
1067 877 1224 927 sentio⁷
1267 883 1311 916 et
1338 890 1563 916 monerem

110 941 152 972 te
183 939 226 972 et
254 932 476 981 hortarer,
506 938 557 970 ut
587 944 738 970 eorum
770 932 957 970 fortunis
995 933 1260 981 consuleres,
1304 933 1564 984 praesertim

108 1001 241 1039 quum
269 1000 407 1040 prope
436 988 719 1039 praecipuam
749 999 921 1025 causam
950 986 1163 1026 haberent
1191 986 1246 1025 ad
1275 987 1342 1025 ius
1363 986 1564 1025 obtinew

111 1043 236 1081 dum:
266 1043 462 1095 primum
486 1041 602 1093 quod
621 1040 793 1079 Sullani
822 1042 1035 1093 temporis
1064 1042 1350 1081 acerbitatem
1380 1040 1563 1080 deorum

109 1098 426 1136 immortalium
471 1096 743 1151 benignitate
787 1097 1170 1151 subterfugerunt:
1223 1095 1395 1146 deinde,
1447 1095 1564 1149 quod

108 1164 274 1191 summo
305 1151 450 1190 studio
480 1151 635 1204 populi
659 1150 847 1190 Romani
877 1164 902 1189 a
930 1164 998 1190 me
1028 1153 1073 1189 in
1104 1152 1334 1190 consulatu
1362 1163 1458 1190 meo
1489 1150 1563 1190 de-

108 1209 217 1248 fensi
249 1213 360 1246 sunt.
419 1206 563 1258 Quum
591 1207 698 1243 enim
726 1206 896 1244 tribuni
919 1206 976 1259 pl.
996 1207 1136 1261 legem
1162 1206 1481 1258 iniquissimam
1510 1204 1563 1244 de

109 1275 262 1303 eorum
305 1262 424 1317 agris
470 1261 884 1316 promulgavissent,
929 1261 1061 1300 facile
1098 1262 1269 1301 senatui
1314 1261 1564 1314 populoque

205 1379 244 1421 Q.
276 1374 501 1410 VALERIO.
530 1373 565 1407 S.
586 1386 632 1407 zu
655 1386 711 1419 ep.
728 1377 807 1409 114.
828 1375 882 1408 im
902 1377 988 1409 Anf.
1008 1376 1087 1410 115.
1112 1393 1159 1400 —
1183 1375 1376 1410 LEGATO
1398 1374 1563 1408 PROPR.

108 1424 345 1469 l‘raepositus
372 1427 454 1456 erat
478 1422 653 1455 Valerius
681 1434 700 1455 a
726 1423 882 1457 Caesare
916 1424 1061 1470 legatus
1097 1423 1199 1470 agris
1226 1421 1458 1461 dividundis,
1496 1422 1562 1466 qui

109 1472 433 1554 iijzssgssritatem
469 1474 506 1504 et
531 1474 754 1515 potestatem
789 1471 897 1504 auxit
930 1471 1060 1505 addito
1096 1469 1357 1515 Propraetoris
1391 1469 1559 1503 nomine.

201 1595 235 1626 1.
287 1591 550 1629 Volaterranis,
588 1589 648 1623 die
674 1588 915 1623 Einwohner
940 1598 1015 1622 von
1040 1587 1244 1622 Volaterra
1277 1588 1388 1628 (ietzt
1411 1588 1562 1622 Volter-

109 1638 180 1681 ra),
213 1639 321 1673 einer
346 1638 415 1671 der
448 1639 494 1672 12
519 1637 766 1681 Hauptst'a'dte
801 1637 864 1670 des
899 1636 1003 1669 alten
1035 1636 1239 1670 Etruriens
1277 1636 1357 1668 und
1391 1635 1563 1669 nachher

109 1688 217 1721 einer
243 1686 474 1720 Ro'mischen
498 1684 816 1728 Municipalstadt.
842 1701 893 1709 -«
923 1686 1016 1717 enim
1040 1695 1130 1724 meo,
1168 1683 1297 1718 Lamb.
1327 1687 1421 1717 enim
1447 1697 1469 1716 a
1494 1696 1561 1724 me,

107 1734 209 1778 quod
233 1735 360 1780 legem
386 1745 406 1766 a
431 1731 598 1766 tribunis
623 1733 675 1776 pl.
702 1732 982 1779 promulgatam
1018 1731 1063 1764 de
1097 1731 1198 1779 agris
1231 1741 1359 1764 eorum
1387 1730 1563 1764 dividen-

108 1784 164 1815 dis
189 1782 359 1827 perferri
385 1781 521 1814 consul
552 1791 628 1813 non
662 1792 744 1813 sum
778 1792 916 1824 passus.
952 1779 1130 1814 MANUT.
1164 1797 1212 1803 —
1243 1781 1366 1812 necin
1392 1780 1461 1812 lab.
1503 1778 1563 1811 Ex

107 1830 263 1874 antiquo
299 1829 424 1873 suppl.
461 1828 558 1859 Vict.
585 1830 617 1863 2.
654 1827 781 1860 Lamb.
821 1827 960 1860 Graev.
997 1826 1081 1862 sch.
1118 1829 1206 1860 meis
1238 1827 1563 1872 laboribusque‘ex

107 1879 180 1911 alio
207 1877 332 1921 suppl.
362 1875 476 1909 Codd.
504 1875 594 1917 aliq.
623 1874 739 1917 (Bas.)
768 1875 867 1909 Crat.
896 1874 1032 1908 Bened.
1070 1877 1156 1908 meis
1181 1886 1242 1907 nec
1267 1875 1450 1908 laboribus
1475 1872 1560 1906 Sch.

109 1927 150 1958 in
177 1925 234 1959 ed.
262 1923 349 1956 mai.
376 1923 494 1956 Luen.
538 1923 611 1955 ΟΒ.
653 1923 803 1961 labores,
841 1921 1186 1970 Verlegenheiten‚
1211 1932 1260 1952 Ξ
1285 1933 1343 1954 res
1371 1921 1560 1960 adversae,

111 1974 164 2006 im
193 1972 356 2018 Gegens.
392 1981 467 2004 von
500 1971 660 2011 honores,
702 1981 816 2013 quum
853 1969 988 2003 Cicero
1022 1969 1160 2014 petivit
1195 1969 1449 2016 magistratus,
1485 1967 1560 2000 also

110 2021 212 2054 scine
247 2018 486 2067 gl'a'nzenden
523 2018 599 2050 und
633 2018 771 2050 triiben
811 2016 955 2051 Zeiten.
988 2036 1025 2042 —
1054 2017 1250 2061 defuerunt
1283 2015 1487 2062 suffragiis.
1515 2034 1561 2039 —

111 2071 200 2102 Cam
226 2069 319 2113 quib.
347 2068 381 2099 si
404 2067 752 2105 mihi...interced.‚
779 2065 914 2107 indm,
954 2076 1067 2099 wenn
1102 2065 1169 2097 ich
1195 2063 1294 2097 auch
1320 2064 1361 2096 in
1387 2075 1456 2110 gar
1481 2063 1562 2096 kei-

1577 1196 1603 1234 2

112 2127 180 2150 ner
204 2113 456 2160 Verbindung
480 2114 548 2146 mit
575 2112 693 2146 ihnen
719 2112 860 2146 stande.
890 2130 930 2137 —·
958 2118 999 2145 ut
1025 2125 1094 2146 eor.
1113 2111 1152 2156 f.
1178 2124 1284 2153 cons„
1309 2113 1372 2144 fiir
1393 2111 1452 2144 die
1474 2110 1562 2143 Ret-
1624 2122 1633 2126 -

109 2170 205 2211 tung
237 2163 340 2195 ihres
377 2160 753 2208 Grundeigenthums
785 2172 832 2193 zu
866 2171 1017 2206 surgen,
1056 2159 1210 2192 zumahl
1244 2159 1288 2192 da
1320 2159 1373 2192 sie
1398 2157 1560 2191 beinahe

110 2212 174 2246 ein
206 2209 492 2256 Vorzugsrecht
516 2209 652 2249 haben,
692 2209 733 2240 in
761 2208 886 2241 ihi-em
912 2207 1167 2242 Besitzstande
1193 2207 1363 2254 gelassen
1389 2218 1436 2238 zu
1461 2216 1560 2238 wer-

113 2260 198 2298 den,
225 2270 251 2291 s,
280 2269 326 2290 ne
353 2257 511 2289 illorum
537 2256 633 2289 bona
659 2255 847 2288 militibus
882 2255 1159 2289 dividerentur.
1197 2273 1244 2297 ἡ·
1280 2255 1427 2288 Sullani
1450 2258 1558 2294 temp.

108 2309 238 2347 acerh„
264 2315 338 2349 quo
365 2316 481 2347 quum
507 2303 613 2337 Sulla
649 2315 758 2351 agros
793 2303 995 2341 divideret,
1021 2303 1320 2337 Volaterranum
1347 2300 1559 2346 publicavit

115 2354 282 2397 quidem,
310 2352 372 2386 sed
399 2363 521 2395 neque
548 2351 722 2385 dividere
750 2362 873 2394 neque
893 2350 1157 2386 Volaterranis
1185 2350 1379 2383 civitatem
1407 2348 1558 2391 eripere

111 2401 247 2446 potuit,
281 2411 398 2444 quum
425 2400 536 2433 etiam
568 2404 649 2432 tum
677 2404 797 2432 essent
822 2399 862 2431 in
889 2398 1006 2430 armis
1045 2403 1081 2431 et
1114 2397 1309 2430 biennium
1347 2407 1433 2429 cum
1469 2404 1558 2438 pro-

110 2449 264 2492 scriptis
291 2447 427 2482 obsessi
452 2447 623 2480 fuissent.
654 2448 791 2480 CORR.
835 2446 906 2479 Die
933 2446 1069 2479 G'otter
1101 2445 1183 2477 sind
1216 2445 1293 2477 also
1328 2443 1400 2476 mit
1432 2441 1557 2474 ihren]

111 2495 295 2540 Beispiele
322 2506 656 2542 vorangegangen,
690 2495 749 2527 die
775 2494 1043 2527 Volaterraner
1068 2505 1115 2525 zu
1141 2492 1338 2531 schiitzen,
1381 2490 1425 2522 da
1452 2489 1559 2524 Sulla

111 2545 231 2577 ihnen
257 2542 391 2576 Nichts
417 2541 583 2576 a‘bhaben
611 2543 766 2576 konnte.
792 2560 837 2566 —-
861 2542 995 2581 stadio,
1020 2540 1287 2573 Theilnahme.

205 2615 238 2648 2.
293 2615 408 2656 Ouum
435 2617 537 2647 enim.
575 2613 639 2646 Sic
664 2613 760 2644 Vici.
788 2613 820 2646 2.
858 2611 994 2644 Bened.
1029 2623 1102 2645 om.
1129 2614 1222 2644 enim
1248 2609 1319 2642 Md.
1347 2607 1444 2642 Cett.
1483 2608 1556 2640 ΟΒ.

113 2681 152 2687 -—
179 2664 318 2695 tribuni
342 2663 408 2706 pl„
433 2662 567 2694 Rullus
594 2659 829 2705 praesertim,
855 2665 986 2692 contra
1012 2670 1126 2702 quem
1152 2663 1239 2690 sunt
1256 2656 1452 2690 Ciceronis
1478 2665 1559 2688 ora-

112 2711 232 2744 tiones
267 2709 312 2743 de
345 2709 431 2756 lege
469 2708 628 2756 agraria.
663 2707 840 2742 MANUT.
877 2725 924 2732 --
967 2708 1008 2741 de
1033 2719 1104 2741 eor.
1131 2708 1232 2751 agris
1258 2703 1486 2738 dividundis.
1512 2720 1559 2726 —
