<?xml version="1.0" encoding="UTF-8"?>
<!DOCTYPE html PUBLIC "-//W3C//DTD XHTML 1.0 Transitional//EN"
    "http://www.w3.org/TR/xhtml1/DTD/xhtml1-transitional.dtd">
<html xmlns="http://www.w3.org/1999/xhtml" xml:lang="en" lang="en">
 <head>
  <title>
</title>
<meta http-equiv="Content-Type" content="text/html;charset=utf-8" />
  <meta name='ocr-system' content='tesseract 3.04.00' />
  <meta name='ocr-capabilities' content='ocr_page ocr_carea ocr_par ocr_line ocrx_word'/>
</head>
<body>
  <div class='ocr_page' id='page_1' title='image "./epistolaeadattic03ciceuoft_0278.png"; bbox 0 0 1795 3081; ppageno 0'>
   <div class='ocr_carea' id='block_1_1' title="bbox 221 72 1453 130">
    <p class='ocr_par' dir='ltr' id='par_1_1' title="bbox 221 72 1453 130">
     <span class='ocr_line' id='line_1_1' title="bbox 221 72 1453 130; baseline -0.001 -3"><span class='ocrx_word' id='word_1_1' title='bbox 221 80 322 127; x_wconf 78' lang='lat'>268</span> <span class='ocrx_word' id='word_1_2' title='bbox 490 72 559 124; x_wconf 91' lang='grc' dir='ltr'>Μ.</span> <span class='ocrx_word' id='word_1_3' title='bbox 595 74 651 124; x_wconf 90' lang='grc' dir='ltr'>Τ.</span> <span class='ocrx_word' id='word_1_4' title='bbox 690 72 1035 124; x_wconf 86' lang='lat' dir='ltr'>CICERONIS</span> <span class='ocrx_word' id='word_1_5' title='bbox 1072 72 1453 130; x_wconf 82' lang='lat' dir='ltr'>EPISTOLAE.</span> 
     </span>
    </p>
   </div>
   <div class='ocr_carea' id='block_1_2' title="bbox 220 192 1692 419">
    <p class='ocr_par' dir='ltr' id='par_1_2' title="bbox 220 192 1692 419">
     <span class='ocr_line' id='line_1_2' title="bbox 221 192 1690 251; baseline -0.001 -13"><span class='ocrx_word' id='word_1_6' title='bbox 221 199 312 238; x_wconf 89' lang='lat' dir='ltr'>lem</span> <span class='ocrx_word' id='word_1_7' title='bbox 340 194 526 237; x_wconf 75' lang='lat' dir='ltr'>tardius.</span> <span class='ocrx_word' id='word_1_8' title='bbox 584 192 730 234; x_wconf 85' lang='lat' dir='ltr'>Valde</span> <span class='ocrx_word' id='word_1_9' title='bbox 759 195 877 235; x_wconf 83' lang='lat' dir='ltr'>enim</span> <span class='ocrx_word' id='word_1_10' title='bbox 905 193 1063 235; x_wconf 88' lang='lat' dir='ltr'>urbem</span> <span class='ocrx_word' id='word_1_11' title='bbox 1093 197 1217 251; x_wconf 80' lang='lat' dir='ltr'>fugio</span> <span class='ocrx_word' id='word_1_12' title='bbox 1246 196 1409 236; x_wconf 86' lang='lat' dir='ltr'>multas</span> <span class='ocrx_word' id='word_1_13' title='bbox 1439 194 1497 235; x_wconf 91' lang='lat' dir='ltr'>oh</span> <span class='ocrx_word' id='word_1_14' title='bbox 1527 206 1690 236; x_wconf 82' lang='lat' dir='ltr'><strong>causas.</strong></span> 
     </span>
     <span class='ocr_line' id='line_1_3' title="bbox 220 249 1691 306; baseline -0.003 -13"><span class='ocrx_word' id='word_1_15' title='bbox 220 253 376 306; x_wconf 79' lang='lat' dir='ltr'>Itaque</span> <span class='ocrx_word' id='word_1_16' title='bbox 405 250 452 290; x_wconf 87' lang='lat' dir='ltr'>id</span> <span class='ocrx_word' id='word_1_17' title='bbox 481 252 624 304; x_wconf 88' lang='lat' dir='ltr'>ipsum</span> <span class='ocrx_word' id='word_1_18' title='bbox 653 249 825 301; x_wconf 89' lang='lat' dir='ltr'>dubito,</span> <span class='ocrx_word' id='word_1_19' title='bbox 869 263 925 289; x_wconf 82' lang='lat' dir='ltr'>an</span> <span class='ocrx_word' id='word_1_20' title='bbox 964 253 1293 291; x_wconf 79' lang='lat' dir='ltr'>excusationem</span> <span class='ocrx_word' id='word_1_21' title='bbox 1330 253 1524 304; x_wconf 82' lang='lat' dir='ltr'>aliquam</span> <span class='ocrx_word' id='word_1_22' title='bbox 1553 250 1609 289; x_wconf 85' lang='lat' dir='ltr'>ad</span> <span class='ocrx_word' id='word_1_23' title='bbox 1636 252 1691 289; x_wconf 89' lang='lat' dir='ltr'>il·</span> 
     </span>
     <span class='ocr_line' id='line_1_4' title="bbox 221 305 1692 360; baseline -0.003 -12"><span class='ocrx_word' id='word_1_24' title='bbox 221 309 316 348; x_wconf 89' lang='lat' dir='ltr'>lum</span> <span class='ocrx_word' id='word_1_25' title='bbox 347 320 521 360; x_wconf 84' lang='lat' dir='ltr'>parem:</span> <span class='ocrx_word' id='word_1_26' title='bbox 553 305 671 358; x_wconf 85' lang='lat' dir='ltr'>quod</span> <span class='ocrx_word' id='word_1_27' title='bbox 700 305 877 358; x_wconf 78' lang='lat' dir='ltr'>quidem</span> <span class='ocrx_word' id='word_1_28' title='bbox 906 305 1039 346; x_wconf 79' lang='lat' dir='ltr'>video</span> <span class='ocrx_word' id='word_1_29' title='bbox 1070 307 1203 346; x_wconf 85' lang='lat' dir='ltr'>facile</span> <span class='ocrx_word' id='word_1_30' title='bbox 1231 320 1347 346; x_wconf 88' lang='lat' dir='ltr'>esse:</span> <span class='ocrx_word' id='word_1_31' title='bbox 1379 305 1455 346; x_wconf 89' lang='lat' dir='ltr'>sed</span> <span class='ocrx_word' id='word_1_32' title='bbox 1483 306 1692 345; x_wconf 83' lang='lat' dir='ltr'>habemus</span> 
     </span>
     <span class='ocr_line' id='line_1_5' title="bbox 222 360 1690 419; baseline 0.001 -16"><span class='ocrx_word' id='word_1_33' title='bbox 222 365 331 410; x_wconf 81' lang='lat' dir='ltr'>satis</span> <span class='ocrx_word' id='word_1_34' title='bbox 360 362 574 419; x_wconf 82' lang='lat' dir='ltr'>temporis</span> <span class='ocrx_word' id='word_1_35' title='bbox 603 360 659 403; x_wconf 84' lang='lat' dir='ltr'>ad</span> <span class='ocrx_word' id='word_1_36' title='bbox 689 360 986 418; x_wconf 81' lang='lat' dir='ltr'>cogitandum.</span> <span class='ocrx_word' id='word_1_37' title='bbox 1044 361 1186 402; x_wconf 84' lang='lat' dir='ltr'>Piliae</span> <span class='ocrx_word' id='word_1_38' title='bbox 1215 368 1260 403; x_wconf 91' lang='lat' dir='ltr'>et</span> <span class='ocrx_word' id='word_1_39' title='bbox 1287 363 1462 402; x_wconf 80' lang='lat' dir='ltr'>Atticae</span> <span class='ocrx_word' id='word_1_40' title='bbox 1490 361 1690 404; x_wconf 69' lang='lat' dir='ltr'>salutem.</span> 
     </span>
    </p>
   </div>
   <div class='ocr_carea' id='block_1_3' title="bbox 319 552 1590 689">
    <p class='ocr_par' dir='ltr' id='par_1_3' title="bbox 319 552 1590 689">
     <span class='ocr_line' id='line_1_6' title="bbox 395 552 1544 615; baseline 0.003 -13"><span class='ocrx_word' id='word_1_41' title='bbox 395 552 717 611; x_wconf 86' lang='lat' dir='ltr'>EPISTOLA</span> <span class='ocrx_word' id='word_1_42' title='bbox 753 554 981 608; x_wconf 86' lang='lat' dir='ltr'>DXLVI.</span> <span class='ocrx_word' id='word_1_43' title='bbox 1046 553 1130 614; x_wconf 83' lang='lat' dir='ltr'>(ad</span> <span class='ocrx_word' id='word_1_44' title='bbox 1163 554 1267 603; x_wconf 81' lang='lat' dir='ltr'>Att.</span> <span class='ocrx_word' id='word_1_45' title='bbox 1302 556 1406 604; x_wconf 93' lang='lat' dir='ltr'><strong>XII.</strong></span> <span class='ocrx_word' id='word_1_46' title='bbox 1442 556 1544 615; x_wconf 82' lang='lat'>28.)</span> 
     </span>
     <span class='ocr_line' id='line_1_7' title="bbox 319 643 1590 689; baseline 0 -10"><span class='ocrx_word' id='word_1_47' title='bbox 319 643 403 689; x_wconf 49' lang='lat' dir='ltr'>scr.</span> <span class='ocrx_word' id='word_1_48' title='bbox 428 644 586 682; x_wconf 67' lang='lat' dir='ltr'>Asturae</span> <span class='ocrx_word' id='word_1_49' title='bbox 611 649 699 688; x_wconf 83' lang='lat' dir='ltr'>post</span> <span class='ocrx_word' id='word_1_50' title='bbox 723 643 766 678; x_wconf 80' lang='lat' dir='ltr'>x,</span> <span class='ocrx_word' id='word_1_51' title='bbox 794 643 878 682; x_wconf 78' lang='lat' dir='ltr'>Kal.</span> <span class='ocrx_word' id='word_1_52' title='bbox 906 644 998 689; x_wconf 76' lang='lat' dir='ltr'>Apr.</span> <span class='ocrx_word' id='word_1_53' title='bbox 1025 644 1068 685; x_wconf 82' lang='grc' dir='ltr'>Α.</span> <span class='ocrx_word' id='word_1_54' title='bbox 1095 645 1142 680; x_wconf 86' lang='lat' dir='ltr'>U.</span> <span class='ocrx_word' id='word_1_55' title='bbox 1168 645 1208 680; x_wconf 86' lang='lat' dir='ltr'>c.</span> <span class='ocrx_word' id='word_1_56' title='bbox 1235 647 1316 682; x_wconf 88' lang='lat'>709.</span> <span class='ocrx_word' id='word_1_57' title='bbox 1352 648 1400 689; x_wconf 80' lang='lat' dir='ltr'>(a.</span> <span class='ocrx_word' id='word_1_58' title='bbox 1438 645 1478 680; x_wconf 89' lang='lat' dir='ltr'>c.</span> <span class='ocrx_word' id='word_1_59' title='bbox 1512 644 1590 686; x_wconf 72' lang='lat'>45.)</span> 
     </span>
    </p>
   </div>
   <div class='ocr_carea' id='block_1_4' title="bbox 223 705 1693 857">
    <p class='ocr_par' dir='ltr' id='par_1_4' title="bbox 223 705 1693 857">
     <span class='ocr_line' id='line_1_8' title="bbox 223 705 1692 762; baseline -0.001 -12"><span class='ocrx_word' id='word_1_60' title='bbox 223 717 280 750; x_wconf 87' lang='lat' dir='ltr'>De</span> <span class='ocrx_word' id='word_1_61' title='bbox 307 715 394 749; x_wconf 88' lang='lat' dir='ltr'>Silii</span> <span class='ocrx_word' id='word_1_62' title='bbox 421 722 458 750; x_wconf 84' lang='lat' dir='ltr'>et</span> <span class='ocrx_word' id='word_1_63' title='bbox 483 715 688 750; x_wconf 80' lang='lat' dir='ltr'>Terentiae</span> <span class='ocrx_word' id='word_1_64' title='bbox 715 715 886 762; x_wconf 77' lang='lat' dir='ltr'>negotio.</span> <span class='ocrx_word' id='word_1_65' title='bbox 916 719 947 751; x_wconf 91' lang='lat'>1.</span> <span class='ocrx_word' id='word_1_66' title='bbox 983 715 1028 750; x_wconf 88' lang='lat' dir='ltr'>de</span> <span class='ocrx_word' id='word_1_67' title='bbox 1055 716 1261 751; x_wconf 83' lang='lat' dir='ltr'>solitudine</span> <span class='ocrx_word' id='word_1_68' title='bbox 1288 729 1351 751; x_wconf 85' lang='lat' dir='ltr'>sua</span> <span class='ocrx_word' id='word_1_69' title='bbox 1379 722 1417 751; x_wconf 84' lang='lat' dir='ltr'>et</span> <span class='ocrx_word' id='word_1_70' title='bbox 1440 705 1629 751; x_wconf 80' lang='lat' dir='ltr'>maerore.</span> <span class='ocrx_word' id='word_1_71' title='bbox 1657 717 1692 751; x_wconf 88' lang='lat'>2.</span> 
     </span>
     <span class='ocr_line' id='line_1_9' title="bbox 223 763 1693 811; baseline -0.001 -12"><span class='ocrx_word' id='word_1_72' title='bbox 223 765 270 799; x_wconf 83' lang='lat' dir='ltr'>de</span> <span class='ocrx_word' id='word_1_73' title='bbox 298 765 445 800; x_wconf 79' lang='lat' dir='ltr'>Triarii</span> <span class='ocrx_word' id='word_1_74' title='bbox 472 764 651 811; x_wconf 76' lang='lat' dir='ltr'>negoti03</span> <span class='ocrx_word' id='word_1_75' title='bbox 688 763 733 797; x_wconf 88' lang='lat' dir='ltr'>de</span> <span class='ocrx_word' id='word_1_76' title='bbox 760 763 1026 805; x_wconf 80' lang='lat' dir='ltr'>Castriciano;</span> <span class='ocrx_word' id='word_1_77' title='bbox 1064 764 1109 798; x_wconf 90' lang='lat' dir='ltr'>de</span> <span class='ocrx_word' id='word_1_78' title='bbox 1135 765 1292 798; x_wconf 87' lang='lat' dir='ltr'>Publilii</span> <span class='ocrx_word' id='word_1_79' title='bbox 1320 766 1486 807; x_wconf 78' lang='lat' dir='ltr'>itinere3</span> <span class='ocrx_word' id='word_1_80' title='bbox 1527 764 1693 808; x_wconf 87' lang='lat' dir='ltr'>denique</span> 
     </span>
     <span class='ocr_line' id='line_1_10' title="bbox 438 811 1478 857; baseline 0.004 -12"><span class='ocrx_word' id='word_1_81' title='bbox 438 812 649 847; x_wconf 85' lang='lat' dir='ltr'>Lentulum</span> <span class='ocrx_word' id='word_1_82' title='bbox 673 823 839 857; x_wconf 74' lang='lat' dir='ltr'>puerum</span> <span class='ocrx_word' id='word_1_83' title='bbox 865 811 985 844; x_wconf 83' lang='lat' dir='ltr'>Attici</span> <span class='ocrx_word' id='word_1_84' title='bbox 1011 823 1124 846; x_wconf 84' lang='lat' dir='ltr'>curae</span> <span class='ocrx_word' id='word_1_85' title='bbox 1151 814 1405 853; x_wconf 77' lang='lat' dir='ltr'>commendat.</span> <span class='ocrx_word' id='word_1_86' title='bbox 1442 816 1478 849; x_wconf 84' lang='lat'>3.</span> 
     </span>
    </p>
   </div>
   <div class='ocr_carea' id='block_1_5' title="bbox 725 882 1196 925">
    <p class='ocr_par' dir='ltr' id='par_1_5' title="bbox 725 882 1196 925">
     <span class='ocr_line' id='line_1_11' title="bbox 725 882 1196 925; baseline 0.015 -8"><span class='ocrx_word' id='word_1_87' title='bbox 725 882 906 917; x_wconf 85' lang='lat' dir='ltr'>CICERO</span> <span class='ocrx_word' id='word_1_88' title='bbox 943 882 1121 919; x_wconf 91' lang='lat' dir='ltr'>ATTICO</span> <span class='ocrx_word' id='word_1_89' title='bbox 1160 884 1196 925; x_wconf 77' lang='grc'>3.,</span> 
     </span>
    </p>
   </div>
   <div class='ocr_carea' id='block_1_6' title="bbox 183 954 1694 1510">
    <p class='ocr_par' dir='ltr' id='par_1_6' title="bbox 224 954 1694 1451">
     <span class='ocr_line' id='line_1_12' title="bbox 336 954 1692 1011; baseline -0.004 -12"><span class='ocrx_word' id='word_1_90' title='bbox 336 956 404 999; x_wconf 86' lang='lat' dir='ltr'>De</span> <span class='ocrx_word' id='word_1_91' title='bbox 443 954 557 1000; x_wconf 71' lang='lat' dir='ltr'>Silio</span> <span class='ocrx_word' id='word_1_92' title='bbox 597 954 741 993; x_wconf 87' lang='lat' dir='ltr'>nihilo</span> <span class='ocrx_word' id='word_1_93' title='bbox 782 955 913 1008; x_wconf 84' lang='lat' dir='ltr'>plura</span> <span class='ocrx_word' id='word_1_94' title='bbox 953 958 1143 1011; x_wconf 78' lang='lat' dir='ltr'>cognovi</span> <span class='ocrx_word' id='word_1_95' title='bbox 1184 970 1236 996; x_wconf 79' lang='lat' dir='ltr'>ex</span> <span class='ocrx_word' id='word_1_96' title='bbox 1279 962 1510 1010; x_wconf 73' lang='lat' dir='ltr'>praesente</span> <span class='ocrx_word' id='word_1_97' title='bbox 1547 955 1692 1006; x_wconf 81' lang='lat' dir='ltr'>Sicca,</span> 
     </span>
     <span class='ocr_line' id='line_1_13' title="bbox 225 1009 1692 1068; baseline -0.003 -15"><span class='ocrx_word' id='word_1_98' title='bbox 225 1027 357 1067; x_wconf 83' lang='lat' dir='ltr'>quam</span> <span class='ocrx_word' id='word_1_99' title='bbox 409 1026 459 1051; x_wconf 81' lang='lat' dir='ltr'>ex</span> <span class='ocrx_word' id='word_1_100' title='bbox 504 1012 649 1058; x_wconf 82' lang='lat' dir='ltr'>literis</span> <span class='ocrx_word' id='word_1_101' title='bbox 694 1011 802 1050; x_wconf 79' lang='lat' dir='ltr'>eius.</span> <span class='ocrx_word' id='word_1_102' title='bbox 869 1010 1121 1064; x_wconf 84' lang='lat' dir='ltr'>Scripserat</span> <span class='ocrx_word' id='word_1_103' title='bbox 1163 1013 1277 1052; x_wconf 88' lang='lat' dir='ltr'>enim</span> <span class='ocrx_word' id='word_1_104' title='bbox 1323 1012 1575 1068; x_wconf 81' lang='lat' dir='ltr'>diligenter.</span> <span class='ocrx_word' id='word_1_105' title='bbox 1644 1009 1692 1049; x_wconf 83' lang='lat' dir='ltr'>Si</span> 
     </span>
     <span class='ocr_line' id='line_1_14' title="bbox 226 1064 1692 1125; baseline -0.003 -17"><span class='ocrx_word' id='word_1_106' title='bbox 226 1071 368 1125; x_wconf 81' lang='lat' dir='ltr'>igitur</span> <span class='ocrx_word' id='word_1_107' title='bbox 397 1074 446 1107; x_wconf 85' lang='lat' dir='ltr'>tu</span> <span class='ocrx_word' id='word_1_108' title='bbox 475 1067 604 1105; x_wconf 87' lang='lat' dir='ltr'>illum</span> <span class='ocrx_word' id='word_1_109' title='bbox 636 1067 911 1115; x_wconf 81' lang='lat' dir='ltr'>conveneris,</span> <span class='ocrx_word' id='word_1_110' title='bbox 953 1068 1119 1107; x_wconf 85' lang='lat' dir='ltr'>scribes</span> <span class='ocrx_word' id='word_1_111' title='bbox 1150 1067 1204 1106; x_wconf 78' lang='lat' dir='ltr'>ad</span> <span class='ocrx_word' id='word_1_112' title='bbox 1234 1081 1317 1117; x_wconf 89' lang='lat' dir='ltr'>me,</span> <span class='ocrx_word' id='word_1_113' title='bbox 1361 1069 1398 1106; x_wconf 91' lang='lat' dir='ltr'>si</span> <span class='ocrx_word' id='word_1_114' title='bbox 1436 1065 1542 1122; x_wconf 89' lang='lat' dir='ltr'>quid</span> <span class='ocrx_word' id='word_1_115' title='bbox 1569 1064 1692 1105; x_wconf 88' lang='lat' dir='ltr'>vide-</span> 
     </span>
     <span class='ocr_line' id='line_1_15' title="bbox 225 1120 1691 1176; baseline -0.001 -12"><span class='ocrx_word' id='word_1_116' title='bbox 225 1126 361 1165; x_wconf 86' lang='lat' dir='ltr'>bitur.</span> <span class='ocrx_word' id='word_1_117' title='bbox 401 1122 467 1162; x_wconf 88' lang='lat' dir='ltr'>De</span> <span class='ocrx_word' id='word_1_118' title='bbox 498 1135 585 1174; x_wconf 87' lang='lat' dir='ltr'>quo</span> <span class='ocrx_word' id='word_1_119' title='bbox 616 1127 741 1176; x_wconf 80' lang='lat' dir='ltr'>putas</span> <span class='ocrx_word' id='word_1_120' title='bbox 766 1120 821 1160; x_wconf 84' lang='lat' dir='ltr'>ad</span> <span class='ocrx_word' id='word_1_121' title='bbox 841 1135 910 1161; x_wconf 85' lang='lat' dir='ltr'>me</span> <span class='ocrx_word' id='word_1_122' title='bbox 928 1124 1106 1161; x_wconf 86' lang='lat' dir='ltr'>missum</span> <span class='ocrx_word' id='word_1_123' title='bbox 1125 1137 1227 1163; x_wconf 89' lang='lat' dir='ltr'>esse.</span> <span class='ocrx_word' id='word_1_124' title='bbox 1260 1126 1317 1162; x_wconf 87' lang='lat' dir='ltr'>sit</span> <span class='ocrx_word' id='word_1_125' title='bbox 1336 1124 1515 1162; x_wconf 86' lang='lat' dir='ltr'>missum</span> <span class='ocrx_word' id='word_1_126' title='bbox 1538 1134 1691 1170; x_wconf 73' lang='lat' dir='ltr'>necne,</span> 
     </span>
     <span class='ocr_line' id='line_1_16' title="bbox 226 1176 1692 1232; baseline -0.003 -13"><span class='ocrx_word' id='word_1_127' title='bbox 226 1181 400 1219; x_wconf 85' lang='lat' dir='ltr'>nescio:</span> <span class='ocrx_word' id='word_1_128' title='bbox 439 1177 608 1216; x_wconf 88' lang='lat' dir='ltr'>dictum</span> <span class='ocrx_word' id='word_1_129' title='bbox 639 1176 814 1229; x_wconf 84' lang='lat' dir='ltr'>quidem</span> <span class='ocrx_word' id='word_1_130' title='bbox 845 1177 955 1216; x_wconf 84' lang='lat' dir='ltr'>mihi</span> <span class='ocrx_word' id='word_1_131' title='bbox 987 1186 1106 1218; x_wconf 89' lang='lat' dir='ltr'>certe</span> <span class='ocrx_word' id='word_1_132' title='bbox 1143 1178 1259 1217; x_wconf 87' lang='lat' dir='ltr'>nihil</span> <span class='ocrx_word' id='word_1_133' title='bbox 1299 1184 1375 1225; x_wconf 79' lang='lat' dir='ltr'>est.</span> <span class='ocrx_word' id='word_1_134' title='bbox 1435 1177 1507 1216; x_wconf 92' lang='lat' dir='ltr'>Tu</span> <span class='ocrx_word' id='word_1_135' title='bbox 1535 1178 1692 1232; x_wconf 79' lang='lat' dir='ltr'>igitur,</span> 
     </span>
     <span class='ocr_line' id='line_1_17' title="bbox 224 1231 1693 1286; baseline -0.003 -13"><span class='ocrx_word' id='word_1_136' title='bbox 224 1242 276 1278; x_wconf 84' lang='lat' dir='ltr'>ut</span> <span class='ocrx_word' id='word_1_137' title='bbox 308 1234 516 1286; x_wconf 88' lang='lat' dir='ltr'>coepisti:</span> <span class='ocrx_word' id='word_1_138' title='bbox 550 1239 607 1282; x_wconf 87' lang='lat' dir='ltr'>et,</span> <span class='ocrx_word' id='word_1_139' title='bbox 638 1233 675 1270; x_wconf 89' lang='lat' dir='ltr'>si</span> <span class='ocrx_word' id='word_1_140' title='bbox 706 1231 812 1284; x_wconf 79' lang='lat' dir='ltr'>quid</span> <span class='ocrx_word' id='word_1_141' title='bbox 841 1234 904 1271; x_wconf 81' lang='lat' dir='ltr'>ita</span> <span class='ocrx_word' id='word_1_142' title='bbox 925 1234 1145 1284; x_wconf 85' lang='lat' dir='ltr'>conficies,</span> <span class='ocrx_word' id='word_1_143' title='bbox 1167 1255 1223 1262; x_wconf 89' lang='lat'>—</span> <span class='ocrx_word' id='word_1_144' title='bbox 1241 1232 1359 1286; x_wconf 84' lang='lat' dir='ltr'>quod</span> <span class='ocrx_word' id='word_1_145' title='bbox 1380 1232 1583 1285; x_wconf 83' lang='lat' dir='ltr'>equidem</span> <span class='ocrx_word' id='word_1_146' title='bbox 1603 1244 1693 1270; x_wconf 90' lang='lat' dir='ltr'>non</span> 
     </span>
     <span class='ocr_line' id='line_1_18' title="bbox 225 1286 1694 1342; baseline -0.004 -13"><span class='ocrx_word' id='word_1_147' title='bbox 225 1291 428 1338; x_wconf 74' lang='lat' dir='ltr'>arbitror</span> <span class='ocrx_word' id='word_1_148' title='bbox 469 1289 567 1327; x_wconf 88' lang='lat' dir='ltr'>fieri</span> <span class='ocrx_word' id='word_1_149' title='bbox 602 1300 728 1340; x_wconf 87' lang='lat' dir='ltr'>posse</span> <span class='ocrx_word' id='word_1_150' title='bbox 763 1310 819 1317; x_wconf 81' lang='lat'>—-</span> <span class='ocrx_word' id='word_1_151' title='bbox 857 1294 907 1333; x_wconf 78' lang='lat' dir='ltr'>ut</span> <span class='ocrx_word' id='word_1_152' title='bbox 949 1289 1019 1327; x_wconf 93' lang='lat' dir='ltr'>illi</span> <span class='ocrx_word' id='word_1_153' title='bbox 1058 1289 1290 1342; x_wconf 77' lang='lat' dir='ltr'>probetur,</span> <span class='ocrx_word' id='word_1_154' title='bbox 1334 1287 1610 1336; x_wconf 88' lang='lat' dir='ltr'>Ciceronem,</span> <span class='ocrx_word' id='word_1_155' title='bbox 1655 1286 1694 1330; x_wconf 84' lang='lat' dir='ltr'>si</span> 
     </span>
     <span class='ocr_line' id='line_1_19' title="bbox 226 1341 1693 1398; baseline -0.003 -14"><span class='ocrx_word' id='word_1_156' title='bbox 226 1346 310 1389; x_wconf 77' lang='lat' dir='ltr'>tibi</span> <span class='ocrx_word' id='word_1_157' title='bbox 340 1344 547 1398; x_wconf 81' lang='lat' dir='ltr'>placebit,</span> <span class='ocrx_word' id='word_1_158' title='bbox 580 1342 822 1388; x_wconf 71' lang='lat' dir='ltr'>adhibebis,</span> <span class='ocrx_word' id='word_1_159' title='bbox 889 1343 993 1381; x_wconf 86' lang='lat' dir='ltr'>Eius</span> <span class='ocrx_word' id='word_1_160' title='bbox 1032 1343 1202 1397; x_wconf 76' lang='lat' dir='ltr'>aliquid</span> <span class='ocrx_word' id='word_1_161' title='bbox 1237 1346 1423 1383; x_wconf 86' lang='lat' dir='ltr'>interest</span> <span class='ocrx_word' id='word_1_162' title='bbox 1458 1342 1606 1384; x_wconf 81' lang='lat' dir='ltr'>videri</span> <span class='ocrx_word' id='word_1_163' title='bbox 1636 1341 1693 1386; x_wconf 87' lang='lat' dir='ltr'>il-</span> 
     </span>
     <span class='ocr_line' id='line_1_20' title="bbox 225 1396 1694 1451; baseline -0.003 -12"><span class='ocrx_word' id='word_1_164' title='bbox 225 1401 314 1444; x_wconf 86' lang='lat' dir='ltr'>lius</span> <span class='ocrx_word' id='word_1_165' title='bbox 346 1412 474 1440; x_wconf 77' lang='lat' dir='ltr'>causa</span> <span class='ocrx_word' id='word_1_166' title='bbox 505 1398 727 1446; x_wconf 84' lang='lat' dir='ltr'>voluisse3</span> <span class='ocrx_word' id='word_1_167' title='bbox 767 1411 865 1438; x_wconf 85' lang='lat' dir='ltr'>mea</span> <span class='ocrx_word' id='word_1_168' title='bbox 895 1398 1068 1451; x_wconf 80' lang='lat' dir='ltr'>quidem</span> <span class='ocrx_word' id='word_1_169' title='bbox 1109 1399 1224 1445; x_wconf 84' lang='lat' dir='ltr'>nihil</span> <span class='ocrx_word' id='word_1_170' title='bbox 1260 1400 1346 1437; x_wconf 88' lang='lat' dir='ltr'>nisi</span> <span class='ocrx_word' id='word_1_171' title='bbox 1386 1397 1447 1448; x_wconf 92' lang='lat' dir='ltr'>id,</span> <span class='ocrx_word' id='word_1_172' title='bbox 1487 1396 1604 1451; x_wconf 84' lang='lat' dir='ltr'>quod</span> <span class='ocrx_word' id='word_1_173' title='bbox 1645 1402 1694 1441; x_wconf 82' lang='lat' dir='ltr'>tu</span> 
     </span>
    </p>

    <p class='ocr_par' dir='ltr' id='par_1_7' title="bbox 183 1453 1693 1510">
     <span class='ocr_line' id='line_1_21' title="bbox 183 1453 1693 1510; baseline -0.007 -14"><span class='ocrx_word' id='word_1_174' title='bbox 183 1457 336 1504; x_wconf 83' lang='lat' dir='ltr'>2scis;</span> <span class='ocrx_word' id='word_1_175' title='bbox 369 1453 487 1508; x_wconf 85' lang='lat' dir='ltr'>quod</span> <span class='ocrx_word' id='word_1_176' title='bbox 516 1467 598 1510; x_wconf 82' lang='lat' dir='ltr'>ego</span> <span class='ocrx_word' id='word_1_177' title='bbox 628 1455 777 1509; x_wconf 82' lang='lat' dir='ltr'>magni</span> <span class='ocrx_word' id='word_1_178' title='bbox 808 1456 1006 1501; x_wconf 67' lang='lat' dir='ltr'>aestimo.</span> <span class='ocrx_word' id='word_1_179' title='bbox 1077 1453 1205 1508; x_wconf 73' lang='lat' dir='ltr'>Quod.</span> <span class='ocrx_word' id='word_1_180' title='bbox 1235 1468 1304 1494; x_wconf 87' lang='lat' dir='ltr'>me</span> <span class='ocrx_word' id='word_1_181' title='bbox 1334 1453 1389 1499; x_wconf 79' lang='lat' dir='ltr'>ad</span> <span class='ocrx_word' id='word_1_182' title='bbox 1417 1464 1559 1500; x_wconf 72' lang='lat' dir='ltr'>meam</span> <span class='ocrx_word' id='word_1_183' title='bbox 1589 1465 1693 1497; x_wconf 60' lang='lat' dir='ltr'>con-2</span> 
     </span>
    </p>
   </div>
   <div class='ocr_carea' id='block_1_7' title="bbox 218 1541 398 1546">
    <p class='ocr_par' dir='ltr' id='par_1_8' title="bbox 218 1541 398 1546">
     <span class='ocr_line' id='line_1_22' title="bbox 218 1541 398 1546; baseline 0 0"><span class='ocrx_word' id='word_1_184' title='bbox 218 1541 398 1546; x_wconf 95' lang='lat' dir='ltr'> </span> 
     </span>
    </p>
   </div>
   <div class='ocr_carea' id='block_1_8' title="bbox 223 1574 1696 2106">
    <p class='ocr_par' dir='ltr' id='par_1_9' title="bbox 223 1574 1696 2106">
     <span class='ocr_line' id='line_1_23' title="bbox 223 1574 1694 1624; baseline -0.003 -12"><span class='ocrx_word' id='word_1_185' title='bbox 223 1579 396 1624; x_wconf 84' lang='lat' dir='ltr'>Apriles,</span> <span class='ocrx_word' id='word_1_186' title='bbox 441 1577 552 1611; x_wconf 82' lang='lat' dir='ltr'>nicht</span> <span class='ocrx_word' id='word_1_187' title='bbox 585 1577 827 1617; x_wconf 83' lang='lat' dir='ltr'>Februarias,</span> <span class='ocrx_word' id='word_1_188' title='bbox 861 1577 934 1611; x_wconf 88' lang='lat' dir='ltr'>wie</span> <span class='ocrx_word' id='word_1_189' title='bbox 962 1579 1100 1622; x_wconf 87' lang='lat' dir='ltr'>Popma</span> <span class='ocrx_word' id='word_1_190' title='bbox 1134 1577 1213 1610; x_wconf 83' lang='lat' dir='ltr'>und</span> <span class='ocrx_word' id='word_1_191' title='bbox 1237 1577 1395 1623; x_wconf 63' lang='lat' dir='ltr'>Malasp.&gt;</span> <span class='ocrx_word' id='word_1_192' title='bbox 1433 1577 1591 1616; x_wconf 85' lang='lat' dir='ltr'>wollen,</span> <span class='ocrx_word' id='word_1_193' title='bbox 1631 1574 1694 1609; x_wconf 92' lang='lat' dir='ltr'>ob-</span> 
     </span>
     <span class='ocr_line' id='line_1_24' title="bbox 224 1625 1694 1677; baseline -0.003 -17"><span class='ocrx_word' id='word_1_194' title='bbox 224 1627 359 1677; x_wconf 80' lang='lat' dir='ltr'>gleich</span> <span class='ocrx_word' id='word_1_195' title='bbox 386 1627 502 1660; x_wconf 74' lang='lat' dir='ltr'>Pansa</span> <span class='ocrx_word' id='word_1_196' title='bbox 536 1626 609 1659; x_wconf 87' lang='lat' dir='ltr'>den</span> <span class='ocrx_word' id='word_1_197' title='bbox 641 1628 697 1660; x_wconf 86' lang='lat'>30.</span> <span class='ocrx_word' id='word_1_198' title='bbox 725 1625 814 1664; x_wconf 69' lang='lat' dir='ltr'>Dec,</span> <span class='ocrx_word' id='word_1_199' title='bbox 850 1636 926 1659; x_wconf 89' lang='lat' dir='ltr'>von</span> <span class='ocrx_word' id='word_1_200' title='bbox 951 1625 1047 1659; x_wconf 87' lang='lat' dir='ltr'>Rom</span> <span class='ocrx_word' id='word_1_201' title='bbox 1085 1625 1334 1673; x_wconf 78' lang='lat' dir='ltr'>abgegangen</span> <span class='ocrx_word' id='word_1_202' title='bbox 1368 1637 1460 1659; x_wconf 86' lang='lat' dir='ltr'>war.</span> <span class='ocrx_word' id='word_1_203' title='bbox 1512 1625 1623 1659; x_wconf 88' lang='lat' dir='ltr'>Denn</span> <span class='ocrx_word' id='word_1_204' title='bbox 1651 1633 1694 1656; x_wconf 89' lang='lat' dir='ltr'>er</span> 
     </span>
     <span class='ocr_line' id='line_1_25' title="bbox 224 1671 1694 1720; baseline -0.005 -11"><span class='ocrx_word' id='word_1_205' title='bbox 224 1674 428 1711; x_wconf 84' lang='lat' dir='ltr'>verwcilte</span> <span class='ocrx_word' id='word_1_206' title='bbox 455 1673 558 1708; x_wconf 89' lang='lat' dir='ltr'>noch</span> <span class='ocrx_word' id='word_1_207' title='bbox 584 1679 866 1720; x_wconf 74' lang='lat' dir='ltr'>unterwegens,</span> <span class='ocrx_word' id='word_1_208' title='bbox 894 1674 1012 1711; x_wconf 86' lang='lat' dir='ltr'>bevor</span> <span class='ocrx_word' id='word_1_209' title='bbox 1039 1684 1082 1706; x_wconf 90' lang='lat' dir='ltr'>er</span> <span class='ocrx_word' id='word_1_210' title='bbox 1107 1686 1177 1709; x_wconf 84' lang='lat' dir='ltr'>zur</span> <span class='ocrx_word' id='word_1_211' title='bbox 1201 1674 1362 1707; x_wconf 86' lang='lat' dir='ltr'>Provinz</span> <span class='ocrx_word' id='word_1_212' title='bbox 1389 1672 1576 1709; x_wconf 84' lang='lat' dir='ltr'>wirklich</span> <span class='ocrx_word' id='word_1_213' title='bbox 1602 1671 1694 1707; x_wconf 86' lang='lat' dir='ltr'>hin-</span> 
     </span>
     <span class='ocr_line' id='line_1_26' title="bbox 226 1721 1695 1768; baseline -0.004 -11"><span class='ocrx_word' id='word_1_214' title='bbox 226 1724 378 1763; x_wconf 84' lang='lat' dir='ltr'>reisete.</span> <span class='ocrx_word' id='word_1_215' title='bbox 417 1721 452 1755; x_wconf 89' lang='lat' dir='ltr'>S.</span> <span class='ocrx_word' id='word_1_216' title='bbox 490 1733 548 1766; x_wconf 87' lang='lat' dir='ltr'>ep.</span> <span class='ocrx_word' id='word_1_217' title='bbox 581 1723 664 1760; x_wconf 83' lang='lat'>535,</span> <span class='ocrx_word' id='word_1_218' title='bbox 703 1724 736 1755; x_wconf 88' lang='grc'>3.</span> <span class='ocrx_word' id='word_1_219' title='bbox 774 1724 844 1759; x_wconf 58' lang='grc'><strong>534</strong></span> <span class='ocrx_word' id='word_1_220' title='bbox 877 1733 964 1768; x_wconf 77' lang='lat' dir='ltr'>geg.</span> <span class='ocrx_word' id='word_1_221' title='bbox 993 1721 1101 1754; x_wconf 86' lang='lat' dir='ltr'>Ende</span> <span class='ocrx_word' id='word_1_222' title='bbox 1133 1734 1169 1754; x_wconf 89' lang='lat' dir='ltr'>u.</span> <span class='ocrx_word' id='word_1_223' title='bbox 1206 1723 1288 1763; x_wconf 85' lang='lat'>530,</span> <span class='ocrx_word' id='word_1_224' title='bbox 1317 1724 1351 1758; x_wconf 72' lang='lat'>4.</span> <span class='ocrx_word' id='word_1_225' title='bbox 1390 1721 1516 1755; x_wconf 86' lang='lat' dir='ltr'>Ueber</span> <span class='ocrx_word' id='word_1_226' title='bbox 1549 1722 1695 1753; x_wconf 77' lang='lat' dir='ltr'>circiter</span> 
     </span>
     <span class='ocr_line' id='line_1_27' title="bbox 227 1767 1691 1812; baseline -0.004 -7"><span class='ocrx_word' id='word_1_227' title='bbox 227 1783 259 1805; x_wconf 92' lang='lat' dir='ltr'>c.</span> <span class='ocrx_word' id='word_1_228' title='bbox 297 1771 431 1804; x_wconf 82' lang='lat' dir='ltr'>Aecus.</span> <span class='ocrx_word' id='word_1_229' title='bbox 468 1781 494 1802; x_wconf 88' lang='lat' dir='ltr'>s.</span> <span class='ocrx_word' id='word_1_230' title='bbox 523 1769 677 1810; x_wconf 80' lang='lat' dir='ltr'>Ramsh.</span> <span class='ocrx_word' id='word_1_231' title='bbox 713 1770 739 1812; x_wconf 83' lang='lat'>§.</span> <span class='ocrx_word' id='word_1_232' title='bbox 768 1772 849 1811; x_wconf 79' lang='lat'>137,</span> <span class='ocrx_word' id='word_1_233' title='bbox 876 1772 907 1804; x_wconf 75' lang='lat'>4.</span> <span class='ocrx_word' id='word_1_234' title='bbox 937 1769 1086 1802; x_wconf 85' lang='lat' dir='ltr'>Grotef.</span> <span class='ocrx_word' id='word_1_235' title='bbox 1113 1769 1141 1811; x_wconf 62' lang='grc' dir='ltr'>ξ.</span> <span class='ocrx_word' id='word_1_236' title='bbox 1168 1771 1248 1805; x_wconf 84' lang='lat'>226.</span> <span class='ocrx_word' id='word_1_237' title='bbox 1286 1789 1333 1794; x_wconf 97' lang='lat'><strong>—</strong></span> <span class='ocrx_word' id='word_1_238' title='bbox 1371 1769 1517 1802; x_wconf 69' lang='lat' dir='ltr'>tardius</span> <span class='ocrx_word' id='word_1_239' title='bbox 1543 1767 1691 1808; x_wconf 69' lang='lat' dir='ltr'>afforet,</span> 
     </span>
     <span class='ocr_line' id='line_1_28' title="bbox 228 1815 1693 1863; baseline -0.003 -11"><span class='ocrx_word' id='word_1_240' title='bbox 228 1819 417 1856; x_wconf 83' lang='lat' dir='ltr'>affuturus</span> <span class='ocrx_word' id='word_1_241' title='bbox 446 1823 553 1850; x_wconf 75' lang='lat' dir='ltr'>esset.</span> <span class='ocrx_word' id='word_1_242' title='bbox 587 1836 631 1842; x_wconf 92' lang='lat'>—-</span> <span class='ocrx_word' id='word_1_243' title='bbox 669 1830 715 1850; x_wconf 79' lang='lat' dir='ltr'>cm</span> <span class='ocrx_word' id='word_1_244' title='bbox 751 1829 1062 1862; x_wconf 75' lang='lat' dir='ltr'>excas...parem,</span> <span class='ocrx_word' id='word_1_245' title='bbox 1102 1816 1146 1850; x_wconf 93' lang='lat' dir='ltr'>ob</span> <span class='ocrx_word' id='word_1_246' title='bbox 1182 1817 1246 1850; x_wconf 84' lang='lat' dir='ltr'>ich</span> <span class='ocrx_word' id='word_1_247' title='bbox 1281 1817 1391 1850; x_wconf 85' lang='lat' dir='ltr'>nicht</span> <span class='ocrx_word' id='word_1_248' title='bbox 1431 1816 1569 1863; x_wconf 82' lang='lat' dir='ltr'>irgend</span> <span class='ocrx_word' id='word_1_249' title='bbox 1607 1815 1693 1852; x_wconf 85' lang='lat' dir='ltr'>eine</span> 
     </span>
     <span class='ocr_line' id='line_1_29' title="bbox 227 1864 1696 1913; baseline -0.002 -14"><span class='ocrx_word' id='word_1_250' title='bbox 227 1865 572 1912; x_wconf 78' lang='lat' dir='ltr'>Entschuldigung</span> <span class='ocrx_word' id='word_1_251' title='bbox 602 1867 666 1898; x_wconf 83' lang='lat' dir='ltr'>fiir</span> <span class='ocrx_word' id='word_1_252' title='bbox 692 1865 763 1897; x_wconf 89' lang='lat' dir='ltr'>ihn</span> <span class='ocrx_word' id='word_1_253' title='bbox 789 1865 913 1899; x_wconf 86' lang='lat' dir='ltr'>bereit</span> <span class='ocrx_word' id='word_1_254' title='bbox 938 1865 1072 1898; x_wconf 81' lang='lat' dir='ltr'>halten</span> <span class='ocrx_word' id='word_1_255' title='bbox 1099 1865 1205 1900; x_wconf 87' lang='lat' dir='ltr'>solle.</span> <span class='ocrx_word' id='word_1_256' title='bbox 1250 1866 1334 1913; x_wconf 84' lang='lat' dir='ltr'>Vgl.</span> <span class='ocrx_word' id='word_1_257' title='bbox 1359 1876 1416 1909; x_wconf 87' lang='lat' dir='ltr'>ep.</span> <span class='ocrx_word' id='word_1_258' title='bbox 1440 1867 1520 1900; x_wconf 70' lang='lat'>5⁷47.</span> <span class='ocrx_word' id='word_1_259' title='bbox 1558 1882 1605 1888; x_wconf 94' lang='lat'><strong>—</strong></span> <span class='ocrx_word' id='word_1_260' title='bbox 1645 1864 1696 1896; x_wconf 85' lang='lat' dir='ltr'>ad</span> 
     </span>
     <span class='ocr_line' id='line_1_30' title="bbox 228 1911 1694 1960; baseline -0.003 -12"><span class='ocrx_word' id='word_1_261' title='bbox 228 1918 354 1960; x_wconf 68' lang='lat' dir='ltr'>cogit„</span> <span class='ocrx_word' id='word_1_262' title='bbox 400 1913 565 1946; x_wconf 83' lang='lat' dir='ltr'>dariiber</span> <span class='ocrx_word' id='word_1_263' title='bbox 597 1911 909 1953; x_wconf 80' lang='lat' dir='ltr'>nachzudenken.</span> <span class='ocrx_word' id='word_1_264' title='bbox 945 1931 992 1937; x_wconf 94' lang='lat'>—</span> <span class='ocrx_word' id='word_1_265' title='bbox 1035 1918 1080 1946; x_wconf 84' lang='lat' dir='ltr'>et.</span> <span class='ocrx_word' id='word_1_266' title='bbox 1124 1912 1187 1946; x_wconf 87' lang='lat' dir='ltr'>Sic</span> <span class='ocrx_word' id='word_1_267' title='bbox 1223 1913 1306 1946; x_wconf 82' lang='lat' dir='ltr'>Asc.</span> <span class='ocrx_word' id='word_1_268' title='bbox 1336 1916 1366 1948; x_wconf 81' lang='lat'>1.</span> <span class='ocrx_word' id='word_1_269' title='bbox 1413 1912 1517 1948; x_wconf 81' lang='lat' dir='ltr'>Crat.</span> <span class='ocrx_word' id='word_1_270' title='bbox 1551 1923 1623 1945; x_wconf 87' lang='lat' dir='ltr'>om.</span> <span class='ocrx_word' id='word_1_271' title='bbox 1659 1916 1694 1944; x_wconf 70' lang='lat' dir='ltr'>ei?</span> 
     </span>
     <span class='ocr_line' id='line_1_31' title="bbox 228 1959 1691 2006; baseline -0.003 -10"><span class='ocrx_word' id='word_1_272' title='bbox 228 1962 326 1996; x_wconf 82' lang='lat' dir='ltr'>Oett.</span> <span class='ocrx_word' id='word_1_273' title='bbox 352 1961 584 2005; x_wconf 81' lang='lat' dir='ltr'>Absorptum</span> <span class='ocrx_word' id='word_1_274' title='bbox 610 1961 694 1996; x_wconf 84' lang='lat' dir='ltr'>seil.</span> <span class='ocrx_word' id='word_1_275' title='bbox 723 1966 777 1994; x_wconf 81' lang='lat' dir='ltr'>est</span> <span class='ocrx_word' id='word_1_276' title='bbox 804 1967 841 1995; x_wconf 80' lang='lat' dir='ltr'>et</span> <span class='ocrx_word' id='word_1_277' title='bbox 865 1961 934 1994; x_wconf 82' lang='lat' dir='ltr'>hic</span> <span class='ocrx_word' id='word_1_278' title='bbox 961 1965 998 1994; x_wconf 85' lang='lat' dir='ltr'>et</span> <span class='ocrx_word' id='word_1_279' title='bbox 1025 1960 1126 1994; x_wconf 86' lang='lat' dir='ltr'>infra</span> <span class='ocrx_word' id='word_1_280' title='bbox 1152 1962 1271 1994; x_wconf 82' lang='lat' dir='ltr'>semel</span> <span class='ocrx_word' id='word_1_281' title='bbox 1297 1973 1316 1993; x_wconf 89' lang='lat' dir='ltr'>a</span> <span class='ocrx_word' id='word_1_282' title='bbox 1344 1961 1491 2006; x_wconf 79' lang='lat' dir='ltr'>syllaba</span> <span class='ocrx_word' id='word_1_283' title='bbox 1518 1971 1593 2003; x_wconf 84' lang='lat' dir='ltr'>seq.</span> <span class='ocrx_word' id='word_1_284' title='bbox 1630 1959 1691 2000; x_wconf 84' lang='lat' dir='ltr'>At,</span> 
     </span>
     <span class='ocr_line' id='line_1_32' title="bbox 227 2007 1694 2055; baseline -0.003 -11"><span class='ocrx_word' id='word_1_285' title='bbox 227 2021 353 2055; x_wconf 85' lang='lat' dir='ltr'>neque</span> <span class='ocrx_word' id='word_1_286' title='bbox 381 2010 420 2042; x_wconf 87' lang='lat' dir='ltr'>in</span> <span class='ocrx_word' id='word_1_287' title='bbox 447 2010 584 2042; x_wconf 80' lang='lat' dir='ltr'>omissa</span> <span class='ocrx_word' id='word_1_288' title='bbox 610 2014 765 2053; x_wconf 82' lang='lat' dir='ltr'>praeter</span> <span class='ocrx_word' id='word_1_289' title='bbox 791 2008 1107 2043; x_wconf 72' lang='lat' dir='ltr'>consuetudinem</span> <span class='ocrx_word' id='word_1_290' title='bbox 1134 2009 1339 2054; x_wconf 72' lang='lat' dir='ltr'>particula,</span> <span class='ocrx_word' id='word_1_291' title='bbox 1372 2009 1452 2047; x_wconf 83' lang='lat' dir='ltr'>ulla</span> <span class='ocrx_word' id='word_1_292' title='bbox 1478 2007 1694 2053; x_wconf 81' lang='lat' dir='ltr'>quaerenda</span> 
     </span>
     <span class='ocr_line' id='line_1_33' title="bbox 229 2054 1501 2106; baseline 0 -14"><span class='ocrx_word' id='word_1_293' title='bbox 229 2064 285 2092; x_wconf 87' lang='lat' dir='ltr'>est</span> <span class='ocrx_word' id='word_1_294' title='bbox 312 2058 503 2106; x_wconf 78' lang='lat' dir='ltr'>elegantia</span> <span class='ocrx_word' id='word_1_295' title='bbox 528 2057 774 2090; x_wconf 57' lang='lat' dir='ltr'>Cicer-&gt;oniam</span> <span class='ocrx_word' id='word_1_296' title='bbox 803 2057 1001 2091; x_wconf 79' lang='lat' dir='ltr'>sermonis.</span> <span class='ocrx_word' id='word_1_297' title='bbox 1039 2058 1114 2097; x_wconf 72' lang='lat' dir='ltr'>OR.</span> <span class='ocrx_word' id='word_1_298' title='bbox 1497 2054 1501 2057; x_wconf 40' lang='lat'><strong>⁴</strong></span> 
     </span>
    </p>
   </div>
   <div class='ocr_carea' id='block_1_9' title="bbox 227 2126 1696 2703">
    <p class='ocr_par' dir='ltr' id='par_1_10' title="bbox 227 2126 1696 2703">
     <span class='ocr_line' id='line_1_34' title="bbox 324 2126 1693 2169; baseline -0.003 -6"><span class='ocrx_word' id='word_1_299' title='bbox 324 2132 357 2163; x_wconf 85' lang='lat'>1.</span> <span class='ocrx_word' id='word_1_300' title='bbox 411 2130 452 2162; x_wconf 79' lang='lat' dir='ltr'>de</span> <span class='ocrx_word' id='word_1_301' title='bbox 481 2130 584 2161; x_wconf 71' lang='lat' dir='ltr'>Silio.</span> <span class='ocrx_word' id='word_1_302' title='bbox 625 2127 660 2162; x_wconf 90' lang='lat' dir='ltr'>S.</span> <span class='ocrx_word' id='word_1_303' title='bbox 691 2128 723 2163; x_wconf 86' lang='lat' dir='ltr'>d.</span> <span class='ocrx_word' id='word_1_304' title='bbox 754 2128 837 2168; x_wconf 75' lang='lat' dir='ltr'>Anf.</span> <span class='ocrx_word' id='word_1_305' title='bbox 866 2129 931 2162; x_wconf 88' lang='lat' dir='ltr'>des</span> <span class='ocrx_word' id='word_1_306' title='bbox 956 2140 1040 2169; x_wconf 68' lang='lat' dir='ltr'>vor,</span> <span class='ocrx_word' id='word_1_307' title='bbox 1069 2129 1132 2169; x_wconf 61' lang='grc' dir='ltr'>ΒΓ,</span> <span class='ocrx_word' id='word_1_308' title='bbox 1166 2146 1212 2160; x_wconf 53' lang='grc'>-.-</span> <span class='ocrx_word' id='word_1_309' title='bbox 1243 2131 1278 2163; x_wconf 79' lang='lat' dir='ltr'>si</span> <span class='ocrx_word' id='word_1_310' title='bbox 1304 2142 1457 2169; x_wconf 55' lang='lat' dir='ltr'>commu„</span> <span class='ocrx_word' id='word_1_311' title='bbox 1490 2136 1605 2166; x_wconf 80' lang='lat' dir='ltr'>Wenn</span> <span class='ocrx_word' id='word_1_312' title='bbox 1633 2126 1693 2159; x_wconf 89' lang='lat' dir='ltr'>Du</span> 
     </span>
     <span class='ocr_line' id='line_1_35' title="bbox 228 2174 1693 2222; baseline -0.001 -11"><span class='ocrx_word' id='word_1_313' title='bbox 228 2177 300 2217; x_wconf 77' lang='lat' dir='ltr'>ihu</span> <span class='ocrx_word' id='word_1_314' title='bbox 328 2176 404 2214; x_wconf 77' lang='lat' dir='ltr'>also</span> <span class='ocrx_word' id='word_1_315' title='bbox 432 2188 478 2208; x_wconf 78' lang='lat' dir='ltr'>zu</span> <span class='ocrx_word' id='word_1_316' title='bbox 505 2176 695 2220; x_wconf 76' lang='lat' dir='ltr'>sprechen</span> <span class='ocrx_word' id='word_1_317' title='bbox 721 2177 946 2211; x_wconf 79' lang='lat' dir='ltr'>bekommst.</span> <span class='ocrx_word' id='word_1_318' title='bbox 971 2196 1019 2202; x_wconf 89' lang='lat'>—</span> <span class='ocrx_word' id='word_1_319' title='bbox 1044 2180 1078 2210; x_wconf 83' lang='lat' dir='ltr'>si</span> <span class='ocrx_word' id='word_1_320' title='bbox 1102 2179 1191 2222; x_wconf 72' lang='lat' dir='ltr'>qaid</span> <span class='ocrx_word' id='word_1_321' title='bbox 1211 2188 1260 2208; x_wconf 71' lang='grc' dir='ltr'>Ξ</span> <span class='ocrx_word' id='word_1_322' title='bbox 1287 2179 1320 2211; x_wconf 74' lang='grc' dir='ltr'>εἴ</span> <span class='ocrx_word' id='word_1_323' title='bbox 1344 2192 1373 2212; x_wconf 70' lang='grc' dir='ltr'>τι</span> <span class='ocrx_word' id='word_1_324' title='bbox 1400 2182 1485 2216; x_wconf 63' lang='lat' dir='ltr'>cet„</span> <span class='ocrx_word' id='word_1_325' title='bbox 1512 2175 1606 2209; x_wconf 72' lang='lat' dir='ltr'>Was</span> <span class='ocrx_word' id='word_1_326' title='bbox 1633 2174 1693 2209; x_wconf 84' lang='lat' dir='ltr'>Du</span> 
     </span>
     <span class='ocr_line' id='line_1_36' title="bbox 228 2223 1691 2263; baseline -0.001 -7"><span class='ocrx_word' id='word_1_327' title='bbox 228 2237 305 2258; x_wconf 89' lang='lat' dir='ltr'>von</span> <span class='ocrx_word' id='word_1_328' title='bbox 333 2224 402 2260; x_wconf 87' lang='lat' dir='ltr'>der</span> <span class='ocrx_word' id='word_1_329' title='bbox 427 2223 547 2258; x_wconf 76' lang='lat' dir='ltr'>Sache</span> <span class='ocrx_word' id='word_1_330' title='bbox 575 2225 721 2263; x_wconf 78' lang='lat' dir='ltr'>denkst.</span> <span class='ocrx_word' id='word_1_331' title='bbox 748 2244 794 2249; x_wconf 90' lang='lat'>—-</span> <span class='ocrx_word' id='word_1_332' title='bbox 823 2226 873 2258; x_wconf 82' lang='lat' dir='ltr'>ad</span> <span class='ocrx_word' id='word_1_333' title='bbox 895 2238 950 2259; x_wconf 81' lang='lat' dir='ltr'>me</span> <span class='ocrx_word' id='word_1_334' title='bbox 975 2227 1072 2258; x_wconf 85' lang='lat' dir='ltr'>miss.</span> <span class='ocrx_word' id='word_1_335' title='bbox 1103 2237 1174 2262; x_wconf 80' lang='lat' dir='ltr'>esse</span> <span class='ocrx_word' id='word_1_336' title='bbox 1200 2226 1284 2259; x_wconf 83' lang='lat' dir='ltr'>scil.</span> <span class='ocrx_word' id='word_1_337' title='bbox 1314 2237 1333 2258; x_wconf 88' lang='lat' dir='ltr'>a</span> <span class='ocrx_word' id='word_1_338' title='bbox 1360 2224 1538 2258; x_wconf 85' lang='lat' dir='ltr'>Terentia</span> <span class='ocrx_word' id='word_1_339' title='bbox 1565 2223 1609 2256; x_wconf 85' lang='lat' dir='ltr'>de</span> <span class='ocrx_word' id='word_1_340' title='bbox 1636 2227 1691 2255; x_wconf 87' lang='lat' dir='ltr'>te-</span> 
     </span>
     <span class='ocr_line' id='line_1_37' title="bbox 227 2271 1693 2316; baseline 0.001 -11"><span class='ocrx_word' id='word_1_341' title='bbox 227 2277 417 2306; x_wconf 81' lang='lat' dir='ltr'>stamento</span> <span class='ocrx_word' id='word_1_342' title='bbox 457 2272 586 2315; x_wconf 77' lang='lat' dir='ltr'>ipsius.</span> <span class='ocrx_word' id='word_1_343' title='bbox 639 2273 743 2306; x_wconf 74' lang='lat' dir='ltr'>Patet</span> <span class='ocrx_word' id='word_1_344' title='bbox 780 2284 824 2306; x_wconf 82' lang='lat' dir='ltr'>ex</span> <span class='ocrx_word' id='word_1_345' title='bbox 865 2283 922 2313; x_wconf 84' lang='lat' dir='ltr'>eo,</span> <span class='ocrx_word' id='word_1_346' title='bbox 961 2273 1061 2316; x_wconf 80' lang='lat' dir='ltr'>quod</span> <span class='ocrx_word' id='word_1_347' title='bbox 1096 2273 1219 2305; x_wconf 85' lang='lat' dir='ltr'>filium</span> <span class='ocrx_word' id='word_1_348' title='bbox 1255 2285 1363 2306; x_wconf 85' lang='lat' dir='ltr'>suum</span> <span class='ocrx_word' id='word_1_349' title='bbox 1398 2273 1438 2305; x_wconf 87' lang='lat' dir='ltr'>in</span> <span class='ocrx_word' id='word_1_350' title='bbox 1466 2271 1621 2316; x_wconf 72' lang='lat' dir='ltr'>negotio</span> <span class='ocrx_word' id='word_1_351' title='bbox 1650 2281 1693 2306; x_wconf 68' lang='grc' dir='ltr'>ΕΟ</span> 
     </span>
     <span class='ocr_line' id='line_1_38' title="bbox 229 2319 1696 2365; baseline 0.001 -13"><span class='ocrx_word' id='word_1_352' title='bbox 229 2320 405 2360; x_wconf 67' lang='lat' dir='ltr'>adhiberi</span> <span class='ocrx_word' id='word_1_353' title='bbox 434 2320 518 2352; x_wconf 83' lang='lat' dir='ltr'>vult</span> <span class='ocrx_word' id='word_1_354' title='bbox 546 2326 583 2353; x_wconf 87' lang='lat' dir='ltr'>et</span> <span class='ocrx_word' id='word_1_355' title='bbox 610 2332 691 2353; x_wconf 85' lang='lat' dir='ltr'>rem</span> <span class='ocrx_word' id='word_1_356' title='bbox 718 2320 763 2352; x_wconf 84' lang='lat' dir='ltr'>ad</span> <span class='ocrx_word' id='word_1_357' title='bbox 791 2320 869 2357; x_wconf 72' lang='lat' dir='ltr'>eius,</span> <span class='ocrx_word' id='word_1_358' title='bbox 894 2321 1101 2357; x_wconf 79' lang='lat' dir='ltr'>utilitatem</span> <span class='ocrx_word' id='word_1_359' title='bbox 1120 2321 1321 2365; x_wconf 77' lang='lat' dir='ltr'>pertinere</span> <span class='ocrx_word' id='word_1_360' title='bbox 1343 2320 1445 2354; x_wconf 84' lang='lat' dir='ltr'>dicit.</span> <span class='ocrx_word' id='word_1_361' title='bbox 1473 2319 1696 2354; x_wconf 77' lang='lat' dir='ltr'>ERNESTI.</span> 
     </span>
     <span class='ocr_line' id='line_1_39' title="bbox 229 2368 1695 2415; baseline -0.003 -13"><span class='ocrx_word' id='word_1_362' title='bbox 229 2368 266 2402; x_wconf 88' lang='lat' dir='ltr'>S.</span> <span class='ocrx_word' id='word_1_363' title='bbox 297 2380 355 2412; x_wconf 77' lang='lat' dir='ltr'>ep.</span> <span class='ocrx_word' id='word_1_364' title='bbox 384 2370 467 2405; x_wconf 79' lang='lat'>533,</span> <span class='ocrx_word' id='word_1_365' title='bbox 494 2380 523 2401; x_wconf 81' lang='lat' dir='ltr'>a.</span> <span class='ocrx_word' id='word_1_366' title='bbox 551 2371 584 2403; x_wconf 87' lang='lat'>2.</span> <span class='ocrx_word' id='word_1_367' title='bbox 611 2368 693 2409; x_wconf 86' lang='lat'>535,</span> <span class='ocrx_word' id='word_1_368' title='bbox 721 2370 755 2402; x_wconf 74' lang='grc'>[1.</span> <span class='ocrx_word' id='word_1_369' title='bbox 792 2371 874 2407; x_wconf 69' lang='grc'><strong>541,</strong></span> <span class='ocrx_word' id='word_1_370' title='bbox 901 2371 933 2402; x_wconf 87' lang='grc'>2.</span> <span class='ocrx_word' id='word_1_371' title='bbox 969 2388 1014 2393; x_wconf 94' lang='grc'>-</span> <span class='ocrx_word' id='word_1_372' title='bbox 1053 2370 1105 2402; x_wconf 80' lang='lat' dir='ltr'>Tu</span> <span class='ocrx_word' id='word_1_373' title='bbox 1131 2372 1249 2414; x_wconf 74' lang='lat' dir='ltr'>igitur</span> <span class='ocrx_word' id='word_1_374' title='bbox 1274 2369 1357 2408; x_wconf 81' lang='lat' dir='ltr'>scil.</span> <span class='ocrx_word' id='word_1_375' title='bbox 1385 2380 1533 2415; x_wconf 58' lang='lat' dir='ltr'>perga&amp;</span> <span class='ocrx_word' id='word_1_376' title='bbox 1561 2386 1607 2392; x_wconf 90' lang='lat'><em>-</em></span> <span class='ocrx_word' id='word_1_377' title='bbox 1636 2368 1695 2399; x_wconf 71' lang='lat' dir='ltr'>Gi·-</span> 
     </span>
     <span class='ocr_line' id='line_1_40' title="bbox 230 2415 1693 2462; baseline -0.001 -12"><span class='ocrx_word' id='word_1_378' title='bbox 230 2428 392 2455; x_wconf 70' lang='lat' dir='ltr'>ceronem</span> <span class='ocrx_word' id='word_1_379' title='bbox 418 2415 555 2453; x_wconf 85' lang='lat' dir='ltr'>filium.</span> <span class='ocrx_word' id='word_1_380' title='bbox 583 2435 628 2441; x_wconf 90' lang='lat'>-—</span> <span class='ocrx_word' id='word_1_381' title='bbox 654 2418 808 2462; x_wconf 72' lang='lat' dir='ltr'>aliquid,</span> <span class='ocrx_word' id='word_1_382' title='bbox 837 2415 1066 2454; x_wconf 81' lang='lat' dir='ltr'>bedentend.</span> <span class='ocrx_word' id='word_1_383' title='bbox 1102 2416 1136 2452; x_wconf 87' lang='lat' dir='ltr'>S.</span> <span class='ocrx_word' id='word_1_384' title='bbox 1157 2428 1213 2461; x_wconf 85' lang='lat' dir='ltr'>ep.</span> <span class='ocrx_word' id='word_1_385' title='bbox 1236 2419 1318 2457; x_wconf 84' lang='lat'>535,</span> <span class='ocrx_word' id='word_1_386' title='bbox 1338 2419 1371 2450; x_wconf 71' lang='grc'>[1.</span> <span class='ocrx_word' id='word_1_387' title='bbox 1390 2435 1436 2440; x_wconf 96' lang='grc'>-</span> <span class='ocrx_word' id='word_1_388' title='bbox 1455 2417 1693 2455; x_wconf 76' lang='lat' dir='ltr'>videri..vol.,</span> 
     </span>
     <span class='ocr_line' id='line_1_41' title="bbox 229 2463 1694 2505; baseline 0 -8"><span class='ocrx_word' id='word_1_389' title='bbox 229 2463 291 2498; x_wconf 87' lang='lat' dir='ltr'>bei</span> <span class='ocrx_word' id='word_1_390' title='bbox 318 2464 382 2500; x_wconf 79' lang='lat' dir='ltr'>ihr</span> <span class='ocrx_word' id='word_1_391' title='bbox 405 2463 446 2497; x_wconf 85' lang='lat' dir='ltr'>in</span> <span class='ocrx_word' id='word_1_392' title='bbox 473 2463 558 2497; x_wconf 86' lang='lat' dir='ltr'>dem</span> <span class='ocrx_word' id='word_1_393' title='bbox 586 2464 718 2497; x_wconf 84' lang='lat' dir='ltr'>Credit</span> <span class='ocrx_word' id='word_1_394' title='bbox 745 2476 791 2496; x_wconf 89' lang='lat' dir='ltr'>zu</span> <span class='ocrx_word' id='word_1_395' title='bbox 818 2463 965 2505; x_wconf 84' lang='lat' dir='ltr'>stehen,</span> <span class='ocrx_word' id='word_1_396' title='bbox 993 2464 1072 2501; x_wconf 73' lang='lat' dir='ltr'>dass</span> <span class='ocrx_word' id='word_1_397' title='bbox 1099 2476 1141 2498; x_wconf 79' lang='lat' dir='ltr'>er</span> <span class='ocrx_word' id='word_1_398' title='bbox 1167 2463 1280 2498; x_wconf 86' lang='lat' dir='ltr'>Theil</span> <span class='ocrx_word' id='word_1_399' title='bbox 1307 2477 1352 2497; x_wconf 86' lang='lat' dir='ltr'>an</span> <span class='ocrx_word' id='word_1_400' title='bbox 1379 2463 1444 2499; x_wconf 89' lang='lat' dir='ltr'>ihr</span> <span class='ocrx_word' id='word_1_401' title='bbox 1469 2463 1622 2497; x_wconf 84' lang='lat' dir='ltr'>nehme.</span> <span class='ocrx_word' id='word_1_402' title='bbox 1651 2480 1694 2488; x_wconf 84' lang='lat'>-·</span> 
     </span>
     <span class='ocr_line' id='line_1_42' title="bbox 227 2511 1694 2558; baseline -0.002 -13"><span class='ocrx_word' id='word_1_403' title='bbox 227 2525 307 2546; x_wconf 75' lang='lat' dir='ltr'>mea</span> <span class='ocrx_word' id='word_1_404' title='bbox 334 2514 475 2558; x_wconf 79' lang='lat' dir='ltr'>quidem</span> <span class='ocrx_word' id='word_1_405' title='bbox 501 2512 600 2545; x_wconf 73' lang='lat' dir='ltr'>nihil</span> <span class='ocrx_word' id='word_1_406' title='bbox 623 2512 706 2545; x_wconf 85' lang='lat' dir='ltr'>scil.</span> <span class='ocrx_word' id='word_1_407' title='bbox 734 2513 904 2553; x_wconf 84' lang='lat' dir='ltr'>interest,</span> <span class='ocrx_word' id='word_1_408' title='bbox 942 2511 1007 2550; x_wconf 85' lang='lat' dir='ltr'>ich</span> <span class='ocrx_word' id='word_1_409' title='bbox 1040 2514 1105 2544; x_wconf 74' lang='lat' dir='ltr'>fiir</span> <span class='ocrx_word' id='word_1_410' title='bbox 1129 2512 1257 2557; x_wconf 68' lang='lat' dir='ltr'>uieine</span> <span class='ocrx_word' id='word_1_411' title='bbox 1286 2514 1425 2546; x_wconf 82' lang='lat' dir='ltr'>Person</span> <span class='ocrx_word' id='word_1_412' title='bbox 1463 2512 1559 2546; x_wconf 79' lang='lat' dir='ltr'>habe</span> <span class='ocrx_word' id='word_1_413' title='bbox 1586 2511 1694 2549; x_wconf 72' lang='lat' dir='ltr'>dabei</span> 
     </span>
     <span class='ocr_line' id='line_1_43' title="bbox 228 2559 1695 2608; baseline 0.001 -16"><span class='ocrx_word' id='word_1_414' title='bbox 228 2560 322 2593; x_wconf 84' lang='lat' dir='ltr'>kein</span> <span class='ocrx_word' id='word_1_415' title='bbox 358 2559 516 2597; x_wconf 75' lang='lat' dir='ltr'>anderes</span> <span class='ocrx_word' id='word_1_416' title='bbox 558 2559 760 2599; x_wconf 84' lang='lat' dir='ltr'>Interesse,</span> <span class='ocrx_word' id='word_1_417' title='bbox 801 2560 856 2592; x_wconf 78' lang='lat' dir='ltr'>als</span> <span class='ocrx_word' id='word_1_418' title='bbox 895 2560 955 2593; x_wconf 83' lang='lat' dir='ltr'>Du</span> <span class='ocrx_word' id='word_1_419' title='bbox 994 2561 1134 2595; x_wconf 84' lang='lat' dir='ltr'>weisst.</span> <span class='ocrx_word' id='word_1_420' title='bbox 1185 2560 1393 2608; x_wconf 74' lang='lat' dir='ltr'>Intelligit,</span> <span class='ocrx_word' id='word_1_421' title='bbox 1441 2559 1541 2604; x_wconf 85' lang='lat' dir='ltr'>quod</span> <span class='ocrx_word' id='word_1_422' title='bbox 1580 2570 1695 2602; x_wconf 76' lang='lat' dir='ltr'>supra</span> 
     </span>
     <span class='ocr_line' id='line_1_44' title="bbox 227 2607 1694 2652; baseline -0.001 -12"><span class='ocrx_word' id='word_1_423' title='bbox 227 2608 433 2651; x_wconf 71' lang='lat' dir='ltr'>scripserat</span> <span class='ocrx_word' id='word_1_424' title='bbox 461 2619 518 2651; x_wconf 84' lang='lat' dir='ltr'>ep.</span> <span class='ocrx_word' id='word_1_425' title='bbox 546 2609 628 2649; x_wconf 86' lang='lat'>535,</span> <span class='ocrx_word' id='word_1_426' title='bbox 655 2609 697 2641; x_wconf 72' lang='lat' dir='ltr'>ll:</span> <span class='ocrx_word' id='word_1_427' title='bbox 730 2608 834 2641; x_wconf 73' lang='lat' dir='ltr'>Vides</span> <span class='ocrx_word' id='word_1_428' title='bbox 861 2613 894 2641; x_wconf 78' lang='lat' dir='ltr'>ct</span> <span class='ocrx_word' id='word_1_429' title='bbox 920 2607 1019 2652; x_wconf 81' lang='lat' dir='ltr'>offic.</span> <span class='ocrx_word' id='word_1_430' title='bbox 1046 2613 1137 2649; x_wconf 81' lang='lat' dir='ltr'>cet.;</span> <span class='ocrx_word' id='word_1_431' title='bbox 1165 2608 1243 2642; x_wconf 83' lang='lat' dir='ltr'>also</span> <span class='ocrx_word' id='word_1_432' title='bbox 1271 2608 1352 2643; x_wconf 77' lang='lat' dir='ltr'>dass</span> <span class='ocrx_word' id='word_1_433' title='bbox 1380 2619 1422 2643; x_wconf 82' lang='lat' dir='ltr'>er</span> <span class='ocrx_word' id='word_1_434' title='bbox 1447 2607 1535 2643; x_wconf 86' lang='lat' dir='ltr'>sich</span> <span class='ocrx_word' id='word_1_435' title='bbox 1559 2607 1600 2640; x_wconf 86' lang='lat' dir='ltr'>in</span> <span class='ocrx_word' id='word_1_436' title='bbox 1620 2607 1694 2639; x_wconf 89' lang='lat' dir='ltr'>An-</span> 
     </span>
     <span class='ocr_line' id='line_1_45' title="bbox 228 2654 1290 2703; baseline -0.001 -14"><span class='ocrx_word' id='word_1_437' title='bbox 228 2654 376 2703; x_wconf 79' lang='lat' dir='ltr'>sehung</span> <span class='ocrx_word' id='word_1_438' title='bbox 404 2655 515 2688; x_wconf 87' lang='lat' dir='ltr'>ihrer</span> <span class='ocrx_word' id='word_1_439' title='bbox 540 2654 684 2689; x_wconf 89' lang='lat' dir='ltr'>keinen</span> <span class='ocrx_word' id='word_1_440' title='bbox 710 2656 897 2689; x_wconf 81' lang='lat' dir='ltr'>Vorwurf</span> <span class='ocrx_word' id='word_1_441' title='bbox 918 2668 965 2688; x_wconf 87' lang='lat' dir='ltr'>zu</span> <span class='ocrx_word' id='word_1_442' title='bbox 992 2656 1155 2690; x_wconf 76' lang='lat' dir='ltr'>macheu</span> <span class='ocrx_word' id='word_1_443' title='bbox 1181 2655 1290 2689; x_wconf 87' lang='lat' dir='ltr'>habe.</span> 
     </span>
    </p>
   </div>
   <div class='ocr_carea' id='block_1_10' title="bbox 323 2713 1693 2764">
    <p class='ocr_par' dir='ltr' id='par_1_11' title="bbox 323 2713 1693 2764">
     <span class='ocr_line' id='line_1_46' title="bbox 323 2713 1693 2764; baseline -0.002 -13"><span class='ocrx_word' id='word_1_444' title='bbox 323 2718 356 2751; x_wconf 88' lang='grc'>2.</span> <span class='ocrx_word' id='word_1_445' title='bbox 409 2716 459 2749; x_wconf 82' lang='lat' dir='ltr'>ad</span> <span class='ocrx_word' id='word_1_446' title='bbox 482 2716 706 2757; x_wconf 61' lang='lat' dir='ltr'>consuetud„</span> <span class='ocrx_word' id='word_1_447' title='bbox 738 2727 785 2748; x_wconf 85' lang='lat' dir='ltr'>zu</span> <span class='ocrx_word' id='word_1_448' title='bbox 819 2715 970 2750; x_wconf 88' lang='lat' dir='ltr'>meiner</span> <span class='ocrx_word' id='word_1_449' title='bbox 997 2714 1229 2764; x_wconf 82' lang='lat' dir='ltr'>gewohnten</span> <span class='ocrx_word' id='word_1_450' title='bbox 1263 2715 1334 2750; x_wconf 91' lang='lat' dir='ltr'>Art</span> <span class='ocrx_word' id='word_1_451' title='bbox 1366 2727 1414 2749; x_wconf 85' lang='lat' dir='ltr'>zu</span> <span class='ocrx_word' id='word_1_452' title='bbox 1448 2715 1586 2755; x_wconf 88' lang='lat' dir='ltr'>leben;</span> <span class='ocrx_word' id='word_1_453' title='bbox 1621 2713 1693 2749; x_wconf 80' lang='lat' dir='ltr'>Ro-</span> 
     </span>
    </p>
   </div>
  </div>
 </body>
</html>
