1795 3081
210 100 306 150 184
473 99 540 149 M.
554 150 559 153 ,
578 97 631 145 T.
667 93 1008 145 CICERONIS
1044 93 1424 146 EPISTOLAE.

212 233 346 275 quam
377 232 475 259 sum
507 223 717 271 expertus
749 216 796 256 in
827 215 1082 260 valetudine
1112 230 1341 266 meorum;
1373 217 1418 256 in
1442 230 1528 270 qua
1552 218 1669 258 mihi

213 289 350 330 quum
387 276 486 327 ipsa
524 274 728 322 scientia,
768 279 863 311 tum
902 274 1035 312 etiam
1076 271 1297 312 fidelitate
1335 272 1670 314 benevolentia-

214 344 300 385 que
333 329 565 372 satisfecit.
617 327 750 366 Hunc
779 328 922 380 igitur
952 328 1036 369 tibi
1067 326 1326 367 commendo
1352 333 1396 367 et
1419 341 1443 366 a
1472 334 1517 367 te
1547 335 1668 380 peto,

212 393 266 426 ut
297 384 372 424 des
404 395 602 437 operam,
631 389 684 422 ut
715 383 946 437 intelligat
976 383 1223 438 diligenter
1252 395 1321 421 me
1353 383 1584 434 scripsisse
1615 383 1670 422 de

212 454 309 480 sese
338 451 574 490 meamque
603 436 1042 478 commendationem
1070 438 1174 481 usui
1204 450 1364 493 magno
1402 438 1492 479 sibi
1521 439 1671 479 fuisse.

211 496 314 537 Erit
344 494 392 534 id
422 494 537 536 mihi
566 493 856 536 vehementer
885 502 1082 552 gratum.

264 661 584 713 EPISTOLA
621 659 1062 710 CCCCLXXXIX.
1113 660 1194 719 (ad
1223 661 1339 710 Div.
1367 661 1503 711 XIII.
1526 662 1625 720 21.)

533 750 613 786 Ser.
640 750 779 785 Romae
807 748 847 781 A.
874 749 919 783 u.
949 748 987 783 G.
1013 751 1098 786 708.
1135 750 1181 791 (a.
1210 749 1249 784 c.
1277 752 1354 791 46.)

213 823 333 858 Marci
360 822 518 857 Aemilii
545 833 627 856 rem
654 822 884 855 familiarem
917 824 954 854 et
986 820 1027 853 in
1052 820 1191 866 primis
1225 821 1408 856 libertum
1445 821 1525 856 eius
1559 821 1675 856 Ham-

354 882 361 890 ·
647 870 820 905 monium
849 868 1099 902 commendat.
1144 871 1249 905 1-2.

706 952 885 987 CICERO
927 951 1108 988 SERVIO
1153 952 1187 987 S.

325 1027 391 1068 M.
436 1028 657 1069 Aemilius
695 1026 896 1067 Avianus
937 1026 992 1066 ab
1033 1027 1217 1066 ineunte
1254 1024 1555 1066 adolescentia
1604 1039 1675 1066 me

220 1084 481 1124 observavit
510 1095 771 1136 semperque
802 1080 977 1131 dilexit,
1008 1084 1083 1121 vir
1110 1095 1244 1135 quum
1265 1083 1421 1132 bonus,
1451 1089 1547 1122 tum
1576 1096 1678 1134 per-

218 1139 439 1179 humanus
472 1145 515 1178 et
545 1140 591 1177 in
624 1139 742 1176 omni
774 1150 938 1192 genere
970 1137 1112 1176 officii
1144 1135 1410 1191 diligendus.
1469 1138 1610 1190 Quem
1641 1137 1678 1176 si

217 1197 472 1234 arbitrarer
502 1207 595 1233 esse
626 1192 821 1243 Sicyone
854 1199 897 1232 et
935 1193 1020 1232 nisi
1049 1192 1251 1232 audirem
1290 1194 1351 1231 ibi
1392 1205 1492 1231 eum
1524 1194 1679 1231 etiam-

218 1264 354 1299 nunc,
399 1250 476 1289 ubi
515 1262 598 1303 ego
642 1249 825 1300 1*eliqui,
872 1248 1061 1299 (libyrae
1093 1249 1381 1296 commorari,
1420 1246 1534 1286 nihil
1564 1253 1680 1287 esset

220 1318 400 1344 necesse
431 1306 562 1357 plura
595 1316 664 1343 me
695 1302 750 1342 ad
780 1309 823 1342 te
854 1302 906 1342 de
938 1316 988 1343 eo
1020 1304 1230 1344 scribere.
1282 1302 1528 1344 Perficeret
1557 1304 1679 1342 enim

219 1363 316 1413 ipse
346 1363 549 1412 profecto
589 1361 683 1401 suis
720 1358 922 1397 moribus
965 1372 1134 1411 suaque
1164 1358 1457 1407 humanitate,
1496 1363 1548 1397 ut
1582 1359 1679 1397 sine

220 1417 484 1468 cuiusquam
525 1413 914 1454 commendatione
954 1413 1226 1469 diligeretur
1265 1414 1340 1452 abs
1380 1419 1425 1452 te
1464 1427 1554 1452 non
1597 1413 1677 1451 mi-

179 1474 320 1519 2nus,
353 1483 485 1523 quam
517 1476 560 1509 et
590 1483 614 1508 a
645 1483 727 1520 me,
761 1475 805 1508 et
833 1482 859 1508 a
889 1470 1052 1508 ceteris
1084 1470 1172 1508 suis
1213 1468 1530 1509 familiaribus,
1589 1465 1678 1507 Sed

217 1540 358 1580 quum
388 1526 514 1564 illum
545 1525 698 1565 abesse
736 1530 904 1577 putem,
946 1522 1208 1564 commendo
1249 1524 1332 1562 tibi
1372 1524 1418 1561 in
1463 1524 1681 1563 maiorem

220 1581 406 1621 modum
437 1581 618 1620 domum
651 1581 761 1624 eius,
796 1592 908 1630 quae
939 1586 1006 1619 est
1030 1578 1244 1629 Sicyone,
1277 1591 1463 1630 remque
1492 1579 1680 1617 familia-

222 1650 336 1686 rem,
380 1637 570 1674 maxime
611 1635 763 1675 Caium
809 1635 1031 1673 Avianum
1073 1635 1413 1684 Hammonium,
1466 1633 1682 1673 libertum

224 1693 343 1731 eius:
384 1703 512 1743 quem
543 1690 724 1743 quidem
753 1689 837 1728 tibi
880 1692 1014 1728 etiam
1060 1703 1141 1728 suo
1183 1690 1361 1729 nomine
1402 1686 1682 1728 commendo.

222 1746 340 1790 Nam
371 1759 508 1797 quum
538 1753 781 1798 propterea
811 1745 921 1783 mihi
953 1751 1020 1784 est
1042 1744 1271 1796 probatus,
1299 1743 1418 1795 quod
1443 1750 1510 1783 est
1536 1745 1583 1782 in
1605 1757 1681 1796 pa-

223 1809 409 1843 tronum
439 1814 570 1840 suum
601 1799 749 1840 officio
782 1806 826 1840 et
858 1799 945 1839 fide
979 1800 1210 1854 singulari,
1242 1807 1338 1838 tum
1369 1800 1504 1838 etiam
1534 1800 1582 1840 in
1613 1812 1683 1838 me

226 1928 406 1968 expertus,
440 1921 613 1956 bew‘ahrt
640 1922 833 1970 gefunden
860 1921 966 1955 habe.
1001 1939 1044 1946 -—
1079 1933 1252 1961 meorum,
1286 1922 1455 1964 Tironis,
1498 1932 1613 1966 quem
1641 1932 1686 1955 ex

227 1972 364 2005 Cilicia
390 1971 576 2004 decedens
602 1981 759 2018 aegrum
788 1970 906 2003 Patris
934 1969 1106 2014 reliquit.
1133 1970 1310 2004 MANUT.
1348 1971 1417 2003 cfr.
1447 1979 1504 2014 ep.
1531 1971 1612 2006 292.
1640 1986 1686 1994 —·

227 2020 393 2060 benevol„
419 2018 601 2066 Sol-gfalt.
635 2037 680 2043 —-
716 2023 755 2051 ut
781 2020 839 2052 cles
864 2030 1022 2063 operam.
1059 2017 1131 2052 del.
1165 2024 1216 2055 ut.
1252 2018 1346 2051 ΕΓΗ.
1375 2016 1462 2052 Sch.
1489 2018 1584 2053 Liin.
1613 2018 1684 2050 cfr.

228 2070 308 2104 Lib.
337 2071 393 2103 13.
420 2067 490 2111 Ep.
518 2068 575 2100 [25.
605 2066 796 2100 ORELLI.
825 2084 867 2090 ——
899 2068 939 2099 de
965 2079 1046 2107 sese,
1076 2066 1202 2099 hamb.
1233 2068 1272 2099 de
1298 2078 1345 2099 se.
1372 2084 1416 2090 —
1445 2069 1528 2099 usui
1552 2078 1686 2110 magno

228 2118 301 2151 sibi
318 2115 450 2159 fuisse,
486 2114 567 2146 ihm
594 2125 668 2148 von
695 2125 863 2163 grossem
890 2115 1042 2148 Nutzen
1070 2125 1247 2161 gewesen
1274 2114 1339 2151 sei.
1369 2114 1517 2152 Grotef,
1546 2113 1577 2156 ἓ.
1604 2115 1685 2148 253.

230 2163 382 2197 Ramsh.
410 2164 438 2206 ζ).
467 2165 548 2202 120,
576 2166 606 2196 1.

328 2239 360 2269 1.
412 2235 460 2268 Μ.
488 2237 586 2267 Aem.
614 2236 789 2275 Aoicmzes,
825 2233 1093 2268 vermuthlich
1120 2233 1183 2267 ein
1211 2233 1437 2268 R'cimischei·
1462 2233 1585 2267 Ritter
1609 2232 1689 2266 und

232 2283 461 2330 Negociant‚
499 2282 568 2315 det·
604 2294 649 2314 zu
689 2282 830 2326 Sicyon
866 2283 918 2315 im
960 2283 1195 2326 Peloponnes
1232 2283 1397 2330 ans'a'ssig
1428 2293 1520 2315 war.
1554 2300 1599 2306 -—
1637 2293 1690 2314 me

233 2334 380 2372 observ„
408 2330 472 2362 hat
501 2330 578 2362 mir
604 2331 708 2364 scine
735 2329 994 2377 Ergcbenheit
1020 2330 1179 2376 bezeigt.
1207 2349 1253 2354 —-
1279 2330 1493 2376 diligendus,
1519 2330 1559 2362 in
1585 2328 1690 2362 allen

236 2378 530 2413 Vorhkilmisson
564 2377 626 2410 des
654 2379 799 2411 chcns
834 2379 923 2411 sehr
954 2377 1342 2425 achtungswiirdigcr
1378 2379 1502 2410 lllann.
1537 2379 1692 2422 diligens

236 2427 282 2460 de
309 2429 402 2459 Man.
433 2426 532 2458 coni.
560 2426 646 2459 Sch.
676 2428 769 2459 Liin.
804 2428 982 2467 Praestet,
1010 2430 1051 2458 ut
1084 2418 1180 2458 vidit
1206 2426 1419 2467 Ernesfius,
1454 2427 1691 2471 diligentissi-

235 2488 326 2509 mus.
355 2474 543 2509 (ffifiLLI.
582 2475 676 2507 Nam
704 2474 836 2507 Cicero
874 2474 948 2507 hoc
983 2474 1068 2507 Ioco
1105 2474 1204 2517 ipsas
1238 2474 1400 2507 virtutes
1425 2473 1563 2506 Aviani
1598 2485 1691 2507 enu-

239 2527 384 2556 merat:
413 2522 636 2567 diligendum
663 2534 748 2555 eum
776 2534 853 2556 esse
885 2523 948 2555 vel
984 2522 1069 2555 sine
1104 2521 1325 2565 cuiusquam
1364 2521 1691 2554 commendatione

238 2576 367 2615 postea
395 2568 497 2604 dicit.
526 2570 626 2603 SCH.
656 2589 698 2594 —
728 2570 891 2614 cybirae,
922 2569 1028 2603 einer
1053 2568 1332 2602 ansehnlichen
1358 2569 1624 2605 Handelsstadt
1650 2568 1692 2600 in

240 2618 450 2665 Phrygien.
478 2635 522 2642 —
549 2619 682 2663 reliqui
708 2629 726 2651 e
751 2617 951 2662 provincia
978 2617 1113 2651 Cilicia
1141 2616 1335 2650 decedens.

336 2679 367 2710 2.
417 2690 480 2711 suo
505 2680 659 2717 nomine,
702 2690 766 2710 um
799 2677 925 2710 seiner
958 2676 1071 2710 selbst
1103 2676 1251 2710 willen.
1292 2676 1326 2710 S.
1360 2674 1509 2709 Ramsh.
1546 2676 1573 2719 ᾗ.
1613 2679 1694 2715 103,

242 2726 329 2758 Not,
357 2728 389 2760 4.
428 2725 572 2759 Grotef,
601 2729 630 2768 ἕ.
658 2728 739 2761 235.
771 2725 1145 2771 propc‘crecc...qzcod.
1174 2723 1209 2757 S.
1239 2723 1389 2760 Ramsh.
1417 2725 1444 2767 §.
1474 2726 1553 2766 187,
1582 2724 1633 2767 II,
1659 2725 1694 2759 2.
