1795 3081
376 40 694 90 EPISTOLA
729 42 1153 93 CCCCLXXXIII.
1400 46 1493 92 177

37 163 334 216 Arpinatium,
372 168 422 201 ut
464 162 590 214 potui
641 161 1000 217 diligentissime:
1047 163 1128 202 hac
1167 163 1400 217 separatim
1441 162 1490 214 Q.

35 218 264 268 Fufidium,
305 228 493 270 quocum
522 215 633 255 mihi
663 230 810 256 omnes
852 219 1192 259 necessitudines
1229 224 1345 267 sunt,
1389 217 1492 257 dili-

37 275 208 313 orentius
239 270 509 320 commendo⁷
541 283 627 309 non
657 279 706 311 ut
735 270 903 324 aliquid
933 271 985 310 de
1014 274 1092 312 illa
1116 272 1496 313 commendatione

35 306 301 377 deminuam,
340 326 415 366 sed
443 332 492 364 ut
523 324 609 375 [ad]
642 327 753 365 hanc
796 325 966 365 addam.
1024 326 1139 367 Nam
1183 336 1225 368 et
1261 330 1493 384 privignus

36 390 100 424 est
129 384 192 423 M.
223 383 380 432 Caesii,
411 381 499 419 mei
529 383 716 420 maxime
747 387 790 420 et
817 380 1052 420 familiaris
1083 389 1126 422 et
1154 385 1406 433 necessarii,
1450 389 1494 422 et

36 441 121 478 fuit
151 440 196 477 in
228 438 385 479 Cilicia
413 449 585 475 mecum
613 437 819 475 tribunus
857 437 1077 475 militum:
1119 450 1204 490 quo
1235 439 1279 476 111
1310 451 1493 477 munere

36 496 109 533 ita·
141 506 185 532 se
230 494 454 541 tractavit,
491 497 543 529 ut
582 492 802 544 accepisse
841 492 894 530 ab
927 505 978 530 eo
1009 493 1268 532 beneficium
1304 494 1492 544 viderer,

36 562 123 588 non
155 547 337 588 dedisse.
395 547 470 585 Est
497 553 729 599 praeterea
756 567 812 574 —
842 546 958 599 quod
988 546 1103 600 apud
1133 554 1176 587 te
1204 549 1325 587 valet
1353 541 1536 602 pluri-2

35 618 154 643 mum
182 625 237 632 -—-
266 615 292 640 a
330 602 494 648 nostris
533 600 690 640 studiis
727 614 816 640 non
856 602 1113 642 abhorrens.
1173 602 1319 655 Quare
1358 605 1495 643 velim

36 673 134 699 811111
165 670 291 710 quam
320 657 632 695 liberalissime
662 658 956 709 complectere
1007 671 1273 711 operamque
1305 658 1392 708 des,
1445 665 1496 698 ut

36 717 83 754 in
115 727 163 753 ea
193 713 428 768 legatione,
460 724 589 763 quam
621 714 812 765 suscepit
843 715 999 751 eontra
1036 726 1161 751 suum
1201 713 1495 764 commodum,

35 776 208 809 secutus
239 768 548 806 auctoritatem
576 779 733 818 meam,
774 781 903 820 quam
942 769 1130 807 maxime
1171 770 1264 807 81115
1309 770 1496 808 excellat

35 824 267 863 industria.
351 821 464 860 Vult
501 823 631 871 enim,
670 817 718 860 id
756 819 874 874 quod
914 824 1080 875 optimo
1129 825 1287 875 cuique
1335 830 1497 863 natura

35 880 255 919 tributum
285 883 363 927 est,
394 890 523 929 quam
552 878 787 915 maximam
816 877 990 916 laudem
1019 892 1152 930 quum
1183 892 1207 917 a
1236 879 1377 929 nobis,
1420 880 1498 931 qui

37 949 135 975 eum
165 933 433 986 impulimus,
462 938 556 971 tum
586 945 611 970 a
639 933 880 985 municipio
914 935 1144 986 consequi3
1174 933 1292 985 quod
1322 935 1362 972 ei
1393 947 1496 972 con-

37 992 192 1044 tinget,
234 989 271 1026 si
301 988 382 1026 hac
411 1000 507 1027 mea
537 987 916 1029 commendatione
943 994 1068 1027 tuum
1099 1001 1203 1044 erga
1233 1002 1278 1028 se
1303 988 1497 1030 studium

38 1046 127 1085 erit
157 1049 428 1083 consecutus.

71 1181 391 1233 EPISTOLA
425 1182 868 1233 CCCCLXXXIII.
912 1184 994 1244 (ad
1029 1184 1144 1234 Div.
1181 1180 1317 1233 XIII.
1355 1184 1454 1242 13.)

357 1270 436 1307 Ser.
464 1271 601 1306 Romae
629 1272 669 1308 A.
696 1274 743 1311 U.
772 1272 811 1307 C.
836 1275 919 1309 708.
958 1275 1006 1315 (a.
1035 1274 1073 1309 C.
1098 1275 1174 1316 46.)

202 1343 244 1377 L.
272 1341 527 1386 Castronium,
563 1343 776 1379 Lucensem
803 1345 1051 1389 municipem,
1089 1344 1341 1380 commendat.

534 1414 710 1450 81813110
760 1394 929 1450 BRUTO*
969 1415 1004 1449 5.

148 1487 201 1526 L.
234 1486 492 1527 Castronius
520 1487 691 1537 Paetus,
733 1488 864 1543 longe
904 1489 1107 1541 princeps
1146 1489 1379 1541 municipii
1409 1488 1498 1527 Lu-

42 1544 197 1593 censis,
243 1549 308 1582 est
351 1543 574 1593 honestus,
619 1544 783 1597 gravis,
822 1544 975 1596 plenus
1012 1544 1164 1594 officii,
1200 1545 1340 1583 bonus
1370 1544 1500 1596 plane

137 1685 169 1716 1.
220 1684 298 1716 alia
325 1683 490 1727 epistola,
527 1682 705 1726 proxime
736 1683 946 1726 superiore.
986 1701 1033 1707 —
1070 1695 1188 1717 omnes
1212 1685 1500 1727 necessitudines,

43 1730 168 1763 omnis
195 1731 346 1777 generis
373 1730 675 1770 coniunctiones,
702 1730 982 1764 Verh'ziltnisse.
999 1751 1046 1756 —-
1065 1737 1105 1764 nt
1130 1732 1223 1765 hanc
1248 1736 1364 1773 recte,
1391 1737 1499 1776 puto,

43 1778 172 1811 Lamb.
201 1778 337 1812 Graev.
366 1779 460 1813 ΕΓΗ.
488 1778 625 1811 Bened.
652 1777 740 1814 Sch.
767 1779 861 1811 Liin.
890 1784 1021 1812 contra
1047 1779 1120 1812 Md.
1152 1780 1226 1813 OR.
1258 1799 1299 1804 —
1332 1780 1379 1813 M.
1411 1782 1501 1813 Cae-

42 1828 102 1859 sii.
130 1824 163 1858 S.
195 1826 228 1858 d.
256 1827 416 1873 vorigen
442 1826 550 1859 Brief
572 1827 598 1869 §.
629 1829 661 1861 3.
688 1845 734 1851 —-
760 1829 797 1859 in
825 1827 968 1865 Cilicia,
996 1838 1113 1870 quum
1133 1827 1311 1860 Ciliciam
1338 1838 1501 1871 procon-

43 1873 102 1906 sul
128 1873 439 1908 administrabam.
468 1875 568 1907 SCH.
595 1893 642 1899 —
666 1875 1122 1918 tractavitzpraestitit,
1150 1876 1274 1922 gessit.
1301 1889 1348 1899 —
1381 1877 1416 1910 ei
1443 1878 1503 1910 de-

45 1923 149 1962 disse,
178 1922 279 1964 quod
305 1921 365 1954 illi
392 1922 623 1956 mandassem
649 1920 753 1955 hunc·
777 1924 1054 1970 magistratum.

139 1982 172 2015 2.
223 1994 292 2014 non
319 1982 514 2015 abhorrens
539 1992 586 2013 =
613 1982 733 2015 socius
766 1981 992 2023 studiorum,
1032 1981 1285 2026 eloquentiae,
1320 1980 1501 2016 humani-

45 2028 132 2062 tatis
167 2033 202 2061 et
237 2027 516 2073 philosophiae,
577 2028 800 2064 Similitudo
843 2035 967 2063 autem
1004 2030 1219 2063 studiorum
1267 2036 1322 2064 est
1362 2042 1500 2075 parens

46 2076 244 2110 amicitiae.
278 2076 413 2117 „nicht
439 2077 537 2111 ohne
564 2077 805 2111 Geschmack
839 2079 902 2110 fiir·
934 2080 1060 2111 uns’re
1096 2077 1293 2111 Studien.“
1325 2098 1372 2104 —-
1406 2091 1503 2112 com-

45 2126 152 2165 mod„
178 2124 524 2168 Bequemlichkeit,
550 2137 597 2158 zu
623 2126 883 2173 ungelegenex‘·
911 2126 1014 2166 Zeit3
1053 2125 1165 2159 etiam
1193 2127 1323 2170 aliquo
1352 2127 1502 2167 income

46 2173 158 2205 modo
186 2184 338 2205 suarum
366 2184 507 2206 rerum.
535 2193 580 2198 —-
605 2180 712 2207 secut.
742 2179 836 2207 auct.
864 2186 924 2211 m.‚
961 2173 1061 2216 quod
1089 2174 1250 2207 consilio
1275 2175 1426 2218 pariter
1465 2179 1503 2208 et

47 2219 302 2253 adhortationi
340 2232 443 2254 meae
477 2222 616 2265 paruit,
651 2234 715 2255 aus
753 2221 898 2254 11105581·
933 2220 1113 2267 Achtung
1147 2234 1268 2269 gegen
1303 2222 1420 2256 mich.
1459 2241 1501 2248 -

47 2269 242 2308 industria,
273 2267 491 2312 praktische
518 2268 875 2303 Geschicklichkeit
911 2269 977 2301 od.
1008 2269 1145 2302 Gesch.
1181 2269 1222 2302 in
1256 2270 1500 2303 Gesch'a'ften.

47 2334 93 2339 ——
119 2317 158 2348 id
183 2316 411 2360 quod..trib.
440 2323 502 2356 est,
533 2317 627 2352 VVas
655 2318 780 2351 iedem
808 2317 919 2350 edlen
948 2314 1138 2350 Gemiithe
1165 2328 1204 2350 so
1232 2317 1428 2350 natiirlich
1454 2318 1503 2350 ist

0 2371 1 2375 ’
49 2374 96 2395 zu
122 2363 278 2396 wollen.
305 2383 351 2388 —
377 2367 598 2410 impulimus.
627 2365 662 2399 S.
691 2365 834 2399 Grotef.
865 2363 893 2405 ξ.
922 2366 1003 2399 2ὓ2.
1031 2366 1165 2397 zusatz
1192 2368 1225 2399 1.
1257 2384 1304 2389 —
1335 2367 1503 2411 consequi

49 2424 84 2452 a,
111 2411 195 2444 sich
221 2411 281 2444 bei
302 2413 441 2446 Einem
465 2414 674 2447 erwerben.
702 2433 748 2438 —
773 2418 875 2446 tuum
900 2414 1074 2451 stadium,
1100 2413 1198 2446 Dein
1216 2414 1500 2448 Usohlwollen.

143 2486 177 2516 1.
225 2485 406 2530 princeps,
433 2485 500 2518 der
526 2483 799 2532 angesehenste
826 2486 952 2517 Manu.
1003 2484 1129 2518 Ueber
1155 2483 1214 2518 die
1234 2485 1503 2533 Verst'zirkung

48 2530 112 2565 des
147 2530 335 2574 Superlat.
370 2528 493 2566 durch
531 2536 639 2578 longe
677 2546 703 2566 s,
732 2532 881 2566 Ramsh.
909 2533 935 2575 ἓ,
965 2530 1044 2574 156,
1072 2535 1106 2573 3,
1133 2544 1163 2566 a.
1203 2533 1259 2565 Zu
1286 2532 1326 2566 L.
1355 2534 1504 2567 Castro-

49 2579 133 2610 nius
168 2580 298 2612 Paetus
334 2580 411 2627 vgl.
447 2581 493 2613 ad
518 2581 654 2614 Famil.
691 2581 798 2621 VIII,
824 2583 856 2615 2.
896 2599 942 2605 --
976 2582 1153 2615 Lucensis.
1191 2580 1293 2614 Luca
1329 2581 1502 2626 primum

50 2626 196 2659 Galliae
224 2627 437 2672 Cisalpinae
464 2629 658 2673 oppidum.
690 2628 863 2663 GRAEV.
899 2648 945 2653 -—-
982 2625 1109 2673 plenus
1133 2626 1263 2671 officii,
1301 2628 1503 2662 dienstfer-

48 2674 172 2721 tiger5
208 2674 379 2722 dagegcn
405 2678 571 2711 honestus
596 2689 641 2711 :-
667 2676 826 2711 honesto
853 2672 937 2711 loco
964 2681 1087 2719 natus,
1118 2672 1246 2722 gravis
1271 2676 1316 2711 ob
1342 2681 1503 2711 aetatem

99 2744 175 2778 cic.
189 2744 316 2779 Briese
329 2759 361 2780 v.
377 2747 529 2782 amerb.
547 2748 612 2781 111.
1152 2740 1204 2780 12
