1795 3081
542 60 861 111 EPISTOLA
896 59 1124 109 DXXIII.
1462 66 1559 112 229

93 195 176 235 que
204 183 395 223 virtutes
432 189 476 223 et
517 182 671 222 colunt
709 188 754 222 et
799 182 1004 222 retinent.
1063 182 1215 235 Itaque
1244 182 1384 236 Sulla,
1431 185 1556 222 cuius

93 237 308 277 iudicium
337 239 527 292 probare
555 237 777 287 debemus,
818 251 952 290 quum
994 236 1226 277 dissentire
1270 238 1556 291 philosophos

92 292 282 343 videret,
312 307 400 332 non
429 294 631 346 quaesiit,
662 291 768 345 quid
799 293 962 331 bonum
993 299 1118 342 esset,
1160 292 1234 332 sed
1264 295 1410 332 omnia
1440 294 1552 332 bona

95 350 282 387 coemit:
320 350 444 387 cuius
473 361 552 403 ego
592 354 780 386 mortem
810 349 918 388 forti
956 347 1228 387 mehercules
1271 351 1417 387 animo
1454 349 1550 387 tuli.

94 403 188 442 Nec
217 411 363 444 tamen
394 403 556 443 Caesar
597 402 763 442 diutius
802 416 880 441 nos
910 416 1008 441 eum
1044 402 1296 442 desiderare
1333 405 1550 457 patietur:

95 472 194 497 nain
223 458 354 498 habet
383 458 622 508 damnatos,
654 472 760 510 quos
790 471 872 511 pro
903 458 983 496 illo
1029 458 1155 497 nobis
1194 460 1427 498 restituat:
1469 472 1550 498 nec

94 515 187 566 ipse
219 509 445 554 “sectorem
489 513 774 563 desiderabit,
814 527 949 566 quum
992 514 1134 552 filium
1172 512 1351 553 viderit.
1409 513 1594 565 Nunc,4

91 575 142 607 ut
171 567 225 607 ad
255 582 347 608 rem
376 570 599 621 publicam
629 567 821 614 redeam,
864 567 970 620 quid
1005 570 1051 606 in
1082 568 1310 621 Hispaniis
1348 575 1548 624 geratur,

94 625 303 663 rescribe.
366 624 562 674 Peream,
601 625 687 662 nisi
725 625 943 663 sollicitus
980 637 1076 662 sum
1116 637 1167 662 ac
1205 625 1320 662 malo
1357 630 1550 664 veterem

92 684 137 717 et
167 680 425 718 clementem
454 678 680 718 dominum
710 679 888 728 habere,
935 693 1065 731 quain
1107 692 1271 719 novum
1310 685 1353 718 et
1396 678 1550 718 crude-

93 734 179 772 lem
210 735 416 787 experiri.
474 733 586 786 Scis,
616 734 784 774 Gnaeus
827 747 955 786 quam
992 736 1050 773 sit
1090 736 1260 773 fatuus:
1300 735 1401 784 scis,
1444 748 1552 786 quo-

93 787 223 829 modo
255 788 562 829 crudelitatem
592 791 803 829 virtutem
833 795 979 842 putet:
1019 790 1117 836 scis,
1148 803 1277 841 quam
1308 803 1352 829 se
1382 803 1553 841 semper

93 858 118 882 a
147 845 273 882 nobis
314 843 507 883 derisum
552 851 689 898 putet.
756 845 948 895 Vereor,
993 858 1046 883 ne
1085 858 1164 883 nos
1205 846 1367 884 rustice
1403 843 1551 900 gladio

91 900 204 938 velit
233 894 609 956 ἇιντιμυκτηρίσαι.
669 899 785 951 Quid
814 901 905 950 fiat,
945 901 982 938 si
1023 914 1091 939 me
1128 899 1294 954 diligis,
1339 900 1548 938 rescribe.

91 954 202 1004 Hui,
234 968 361 1006 quam
391 957 527 994 velini
556 957 686 1006 scire,
715 962 867 994 utrum
897 956 980 994 ista
1008 956 1203 994 sollicito
1233 956 1379 995 animo
1399 968 1453 993 an
1482 968 1552 992 so-

97 1009 190 1048 luto
223 1010 370 1065 legas!
421 1010 567 1051 Sciam
598 1012 714 1050 enim
746 1009 899 1050 eodem
930 1017 1142 1064 tempore,
1173 1009 1279 1063 quid
1310 1024 1378 1048 me
1408 1013 1553 1049 facere

93 1122 369 1169 φιλόκαλοι,
396 1129 583 1157 amatores
608 1124 773 1158 honesti.
800 1144 847 1149 -—
873 1129 907 1158 et
933 1123 1013 1164 (Sic
1040 1122 1115 1155 Md.
1143 1123 1239 1155 Vict.
1268 1126 1299 1157 1.
1335 1128 1409 1157 καὶ
1440 1123 1554 1164 Ceth)

95 1173 424 1217 φιλοδίκαιοι,
463 1177 500 1205 et
534 1172 696 1206 studiosi
736 1173 835 1207 iusti.
862 1171 945 1205 Vid.
974 1171 1019 1204 de
1046 1170 1193 1203 Finibb.
1223 1172 1252 1211 I,
1282 1173 1338 1205 16.
1366 1191 1411 1196 —
1439 1172 1555 1210 Sulla,

96 1220 202 1252 cuius
228 1226 391 1253 mortem
420 1220 558 1253 Cicero
585 1221 828 1254 nuntiaverat
855 1232 911 1265 ep.
939 1221 1020 1253 520.
1052 1237 1089 1243 -—
1117 1220 1274 1261 probare
1294 1221 1369 1252 deb.
1405 1219 1552 1252 Ironie!

95 1288 141 1292 —
167 1270 357 1301 dissentire
384 1268 429 1301 de
456 1279 602 1301 summo
630 1269 738 1302 bono.
774 1288 821 1293 —
859 1270 1027 1314 quaesiit,
1060 1266 1297 1310 disputando,
1336 1267 1554 1301 disserendo

97 1316 358 1363 investigavit,
386 1317 508 1363 fragte
535 1315 643 1348 nicht
668 1317 791 1364 lange.
819 1335 863 1341 —-
898 1318 991 1349 borea
1017 1314 1142 1348 hastae
1168 1314 1345 1348 subiecta.
1386 1317 1470 1356 „Ne
1498 1327 1558 1348 er·-

102 1368 202 1397 raret
229 1363 270 1396 in
298 1363 462 1404 delectu,
490 1364 615 1397 omnia
642 1364 736 1397 bona
763 1364 965 1408 sumpsit.“
1016 1362 1134 1395 Ludit
1173 1362 1321 1395 Cassius
1356 1364 1396 1394 in
1435 1363 1556 1395 ambi-

103 1424 172 1444 trua
208 1411 413 1445 verborum
449 1411 744 1456 significatione.
800 1414 895 1445 Nam
935 1408 1158 1456 philosophi
1198 1410 1243 1443 de
1276 1422 1424 1443 summo
1458 1411 1555 1443 bono

97 1439 362 1502 disputabant,
403 1458 509 1492 Sulla
545 1470 638 1492 vero
674 1461 993 1506 Pompeianorum
1034 1458 1130 1491 bona
1168 1457 1309 1497 omnia,
1355 1470 1472 1501 quum
1517 1459 1557 1490 in

92 1507 271 1539 auctione
298 1507 570 1546 venderentur,
598 1508 748 1541 coemit.
776 1507 958 1541 MANUT.
1011 1505 1060 1539 So
1087 1505 1242 1554 glaubte
1271 1506 1348 1539 Der
1374 1518 1461 1539 zum
1487 1506 1556 1539 Be-

97 1555 190 1588 sitze
232 1554 295 1586 des
333 1553 521 1587 hb‘chsten
559 1555 653 1587 Guts
687 1568 733 1587 zu
771 1556 976 1603 gelangen.
1015 1572 1053 1578 —-
1097 1559 1196 1594 esset,
1234 1555 1296 1586 sed
1319 1557 1453 1586 omnia.
1491 1553 1555 1587 Sic

98 1601 296 1634 emendavi
323 1602 552 1646 scripturam
582 1602 657 1636 Md.
688 1603 787 1636 Crat.
821 1603 915 1637 Vict.
943 1606 976 1638 2.
1004 1606 1094 1634 esset
1127 1606 1161 1634 et
1189 1604 1328 1636 omnia.-
1359 1607 1394 1633 et
1428 1608 1554 1635 ortum

99 1662 118 1682 e
152 1649 285 1693 script.
319 1655 383 1689 set,
418 1649 558 1682 omisso
598 1662 614 1683 s
649 1657 810 1695 propter
841 1649 1141 1683 similitudinem
1179 1649 1346 1692 syllabae
1378 1650 1550 1693 praeced.

96 1702 195 1737 esset,
222 1700 344 1730 onmia
372 1697 468 1730 Cett.
499 1698 572 1730 ΟΒ.
596 1718 637 1722 -
656 1698 822 1742 forti...
839 1702 972 1732 animo.
1001 1698 1555 1731 locatur.——damnatos...re-

95 1748 240 1784 stimat,
268 1757 339 1786 „er
363 1745 430 1777 hat
454 1746 555 1778 noch
581 1746 796 1780 Verbannte
825 1759 967 1793 genug,
1009 1745 1133 1777 durch
1160 1744 1279 1778 deren
1305 1745 1558 1778 WViederher-

100 1793 272 1839 stellung
300 1804 342 1824 er
367 1805 437 1825 uns
464 1795 527 1826 fiir
551 1794 688 1827 Sulla's
714 1795 867 1829 Verlust
894 1796 1039 1827 trosten
1067 1793 1183 1825 kann.
1230 1792 1376 1839 Arguta
1413 1794 1452 1826 in
1478 1793 1558 1836 pri-

96 1840 166 1873 mis
194 1845 229 1873 et
256 1841 387 1873 festiva
413 1842 610 1875 sententia.
662 1843 764 1890 Lege
790 1843 964 1886 Pompeia
991 1841 1184 1873 damnatos
1223 1841 1441 1874 restituerat
1467 1840 1558 1874 Cae-

98 1900 166 1922 sar.
193 1887 274 1920 Vid.
304 1887 348 1921 de
374 1888 469 1922 Bell.
497 1889 610 1922 Civil.
642 1891 711 1930 ΙΙΙ,
746 1894 776 1924 1.
805 1891 886 1923 Hoc
914 1891 1077 1922 latenter
1103 1888 1249 1924 Cassius
1276 1893 1408 1928 notat,
1436 1901 1555 1932 quum

98 1941 225 1968 tamen
254 1935 298 1967 de
326 1935 373 1968 iis
399 1936 590 1979 loquatur,
618 1949 710 1980 quos
731 1938 866 1971 Caesar
892 1938 938 1970 ad
954 1937 1139 1970 sectiones
1156 1936 1359 1974 faciendas,
1387 1947 1434 1969 ne
1452 1935 1556 1968 hasta

100 1983 379 2030 refrigesceret,
407 1983 537 2018 Sullae
564 1992 714 2018 mortuo
741 1986 970 2019 suffecturus
997 1988 1103 2018 esset.
1156 1984 1262 2016 locus
1291 1989 1344 2016 est
1372 1983 1413 2015 in
1441 1984 1556 2017 verbo

100 2034 271 2064 restituat
315 2031 488 2078 ambigua
525 2032 808 2080 significatione
846 2033 892 2066 ad
929 2032 1112 2065 maiorem
1151 2031 1319 2064 Caesaris
1363 2036 1558 2064 contume-

101 2080 205 2114 liam.
230 2079 408 2112 MANUT.
450 2098 485 2103 -
528 2093 591 2114 uec
617 2085 693 2126 ipse
719 2082 865 2121 Caesar,
903 2081 1009 2113 cuius
1047 2084 1126 2112 erat
1163 2081 1342 2122 pecunia,
1385 2091 1480 2122 quae
1514 2079 1559 2111 de

101 2127 265 2159 venditis
298 2127 613 2170 Pompeianorum
647 2129 755 2162 bonis
783 2129 1050 2176 colligebatur.
1088 2126 1266 2160 MANUT.
1301 2145 1347 2152 ·-—
1373 2133 1558 2165 sectorem,

101 2187 163 2206 um
204 2174 316 2207 einen
352 2175 491 2208 K'ziufer
527 2176 595 2209 der
630 2176 919 2223 eingezogeneu
953 2176 1074 2209 Giiter
1108 2175 1293 2222 verlegen
1331 2175 1422 2209 sein.
1471 2173 1559 2207 Vid.

107 2222 240 2254 Ascon.
269 2223 458 2266 —filium
495 2222 637 2265 Sullae,
687 2224 753 2268 qui
790 2230 937 2269 patrem
973 2222 1196 2257 imitabitur.
1238 2222 1325 2255 Vid.
1364 2234 1419 2267 ep.
1448 2221 1560 2258 DXX‚

101 2270 127 2312 ᾗ.
155 2271 187 2303 2.
225 2271 365 2303 Sullane
388 2276 543 2315 patrem.

197 2318 230 2350 ll.
283 2318 332 2350 ad
354 2332 427 2352 rem
449 2331 501 2362 p,
528 2320 595 2350 auf
617 2318 677 2352 die
705 2319 960 2353 offentlichen
988 2318 1362 2366 Augelegenheiten.
1393 2337 1432 2344 -
1460 2318 1562 2350 solli-

102 2368 208 2403 citus,
238 2365 276 2397 in
302 2365 460 2413 Sol-gen.
500 2383 540 2389 -
580 2372 744 2407 veterem,
781 2369 988 2401 Caesarem.
1023 2385 1069 2390 —
1099 2378 1229 2399 novum
1263 2371 1298 2399 et
1333 2367 1446 2405 crud„
1494 2364 1561 2396 Cn.

103 2413 336 2455 Pompeium,
364 2413 534 2458 Pompeii
561 2415 688 2461 Magni
725 2416 864 2456 filium,
899 2414 965 2458 qui
1000 2414 1040 2446 in
1071 2414 1250 2458 Hispania
1289 2424 1374 2446 cum
1402 2413 1560 2445 Caesare

103 2460 248 2493 bellum
283 2461 449 2509 gerebat.
489 2480 530 2485 -—
569 2465 740 2507 experiri,
778 2475 823 2495 zu
863 2462 1019 2506 probeo,
1058 2462 1214 2499 kenneu
1248 2472 1295 2492 zu
1333 2461 1481 2495 lernen.
1514 2477 1561 2484 —-

102 2508 241 2550 fatuus,
270 2509 412 2542 albern.
447 2528 494 2533 -—
532 2513 675 2548 rus-tire,
709 2511 775 2543 aus
798 2509 884 2543 eine
911 2510 1068 2553 plumpe
1095 2511 1175 2541 Art.
1210 2527 1257 2532 --
1289 2507 1564 2551 ἁνιιμυκτη-

103 2558 255 2602 ρίσαι,
285 2557 455 2591 vicissim
482 2557 669 2598 deridere,
699 2569 786 2590 naso
814 2557 1058 2601 suspendere,
1096 2568 1136 2589 er
1168 2555 1302 2589 wiirde
1328 2568 1396 2589 uns
1425 2565 1562 2587 ansere

102 2603 341 2637 Neckereien
367 2605 436 2636 mit
463 2605 547 2637 dem
573 2605 683 2639 S'uibel
709 2605 995 2649 zuriickgeben.
1038 2608 1170 2637 rustice
1197 2605 1337 2649 gladio.
1380 2603 1476 2634 Nam
1496 2613 1560 2633 ur-

104 2649 188 2684 bani
214 2651 389 2684 homines
416 2652 577 2686 dicteria
605 2653 736 2687 facetis
763 2657 799 2685 et
818 2652 924 2685 salsis
944 2651 1066 2691 dictis,
1097 2664 1170 2683 non
1187 2650 1314 2699 gladio
1333 2649 1556 2683 retundunt.

108 2698 206 2732 SCH.
235 2717 276 2725 —
302 2704 390 2741 ista,
417 2699 482 2733 has
510 2700 653 2734 literas.
682 2720 722 2726 --
750 2703 882 2742 soluto,
910 2712 929 2733 a
956 2700 1057 2732 curis
1084 2699 1362 2737 liberos—Me,
1390 2703 1436 2731 ut<
1449 2696 1558 2740 facis·
