<?xml version="1.0" encoding="UTF-8"?>
<!DOCTYPE html PUBLIC "-//W3C//DTD XHTML 1.0 Transitional//EN"
    "http://www.w3.org/TR/xhtml1/DTD/xhtml1-transitional.dtd">
<html xmlns="http://www.w3.org/1999/xhtml" xml:lang="en" lang="en">
 <head>
  <title>
</title>
<meta http-equiv="Content-Type" content="text/html;charset=utf-8" />
  <meta name='ocr-system' content='tesseract 3.04.00' />
  <meta name='ocr-capabilities' content='ocr_page ocr_carea ocr_par ocr_line ocrx_word'/>
</head>
<body>
  <div class='ocr_page' id='page_1' title='image "./epistolaeadattic03ciceuoft_0169.png"; bbox 0 0 1795 3081; ppageno 0'>
   <div class='ocr_carea' id='block_1_1' title="bbox 480 66 1570 120">
    <p class='ocr_par' dir='ltr' id='par_1_1' title="bbox 480 66 1570 120">
     <span class='ocr_line' id='line_1_1' title="bbox 480 66 1570 120; baseline 0.006 -6"><span class='ocrx_word' id='word_1_1' title='bbox 480 67 794 116; x_wconf 87' lang='lat' dir='ltr'>EPISTOLA</span> <span class='ocrx_word' id='word_1_2' title='bbox 831 66 1214 116; x_wconf 87' lang='lat' dir='ltr'>CCCCLXXIII.</span> <span class='ocrx_word' id='word_1_3' title='bbox 1474 71 1570 120; x_wconf 88' lang='grc'><strong>159</strong></span> 
     </span>
    </p>
   </div>
   <div class='ocr_carea' id='block_1_2' title="bbox 101 188 1607 1175">
    <p class='ocr_par' dir='ltr' id='par_1_2' title="bbox 101 188 1607 1175">
     <span class='ocr_line' id='line_1_2' title="bbox 110 188 1568 246; baseline -0.001 -15"><span class='ocrx_word' id='word_1_4' title='bbox 110 206 188 245; x_wconf 70' lang='lat' dir='ltr'><strong>ego</strong></span> <span class='ocrx_word' id='word_1_5' title='bbox 218 190 481 240; x_wconf 79' lang='lat' dir='ltr'><strong>arbitrabar,</strong></span> <span class='ocrx_word' id='word_1_6' title='bbox 512 203 581 228; x_wconf 86' lang='lat' dir='ltr'><strong>res</strong></span> <span class='ocrx_word' id='word_1_7' title='bbox 613 188 689 227; x_wconf 85' lang='lat' dir='ltr'><strong>has</strong></span> <span class='ocrx_word' id='word_1_8' title='bbox 719 200 805 227; x_wconf 91' lang='lat' dir='ltr'><strong>non</strong></span> <span class='ocrx_word' id='word_1_9' title='bbox 836 188 1010 227; x_wconf 86' lang='lat' dir='ltr'><strong>omnino</strong></span> <span class='ocrx_word' id='word_1_10' title='bbox 1040 188 1234 241; x_wconf 80' lang='lat' dir='ltr'><strong>quidem,</strong></span> <span class='ocrx_word' id='word_1_11' title='bbox 1264 188 1339 230; x_wconf 90' lang='lat' dir='ltr'><strong>sed</strong></span> <span class='ocrx_word' id='word_1_12' title='bbox 1368 202 1568 246; x_wconf 81' lang='lat' dir='ltr'><strong>magnam</strong></span> 
     </span>
     <span class='ocr_line' id='line_1_3' title="bbox 109 242 1566 300; baseline 0.001 -16"><span class='ocrx_word' id='word_1_13' title='bbox 109 253 279 300; x_wconf 80' lang='lat' dir='ltr'><strong>partem</strong></span> <span class='ocrx_word' id='word_1_14' title='bbox 310 247 567 298; x_wconf 81' lang='lat' dir='ltr'><strong>relinquere.</strong></span> <span class='ocrx_word' id='word_1_15' title='bbox 627 243 831 283; x_wconf 78' lang='lat' dir='ltr'>Catulum</span> <span class='ocrx_word' id='word_1_16' title='bbox 860 242 969 280; x_wconf 88' lang='lat' dir='ltr'><strong>mihi</strong></span> <span class='ocrx_word' id='word_1_17' title='bbox 1000 256 1150 283; x_wconf 82' lang='lat' dir='ltr'><strong>narras</strong></span> <span class='ocrx_word' id='word_1_18' title='bbox 1181 251 1224 284; x_wconf 86' lang='lat' dir='ltr'><strong>et</strong></span> <span class='ocrx_word' id='word_1_19' title='bbox 1251 246 1325 284; x_wconf 86' lang='lat' dir='ltr'><strong>illa</strong></span> <span class='ocrx_word' id='word_1_20' title='bbox 1355 251 1566 298; x_wconf 85' lang='lat' dir='ltr'><strong>tempora.</strong></span> 
     </span>
     <span class='ocr_line' id='line_1_4' title="bbox 109 299 1568 352; baseline 0.001 -14"><span class='ocrx_word' id='word_1_21' title='bbox 109 301 224 352; x_wconf 61' lang='lat' dir='ltr'><strong>Quid</strong></span> <span class='ocrx_word' id='word_1_22' title='bbox 254 301 422 340; x_wconf 79' lang='lat' dir='ltr'><strong>simile?</strong></span> <span class='ocrx_word' id='word_1_23' title='bbox 453 313 505 338; x_wconf 88' lang='lat' dir='ltr'><strong>ne</strong></span> <span class='ocrx_word' id='word_1_24' title='bbox 535 300 594 337; x_wconf 87' lang='lat' dir='ltr'><strong>mi</strong></span> <span class='ocrx_word' id='word_1_25' title='bbox 624 299 801 351; x_wconf 82' lang='lat' dir='ltr'><strong>quidem</strong></span> <span class='ocrx_word' id='word_1_26' title='bbox 830 299 915 350; x_wconf 88' lang='lat' dir='ltr'><strong>ipsi</strong></span> <span class='ocrx_word' id='word_1_27' title='bbox 945 304 1048 336; x_wconf 86' lang='lat' dir='ltr'><strong>tunc</strong></span> <span class='ocrx_word' id='word_1_28' title='bbox 1078 299 1273 351; x_wconf 78' lang='lat' dir='ltr'>placebat</span> <span class='ocrx_word' id='word_1_29' title='bbox 1302 300 1468 340; x_wconf 89' lang='lat' dir='ltr'><strong>diutius</strong></span> <span class='ocrx_word' id='word_1_30' title='bbox 1494 302 1568 340; x_wconf 86' lang='lat' dir='ltr'><strong>ab·</strong></span> 
     </span>
     <span class='ocr_line' id='line_1_5' title="bbox 108 350 1568 409; baseline 0 -14"><span class='ocrx_word' id='word_1_31' title='bbox 108 370 200 396; x_wconf 76' lang='lat' dir='ltr'><strong>csse</strong></span> <span class='ocrx_word' id='word_1_32' title='bbox 238 356 289 395; x_wconf 88' lang='lat' dir='ltr'><strong>ab</strong></span> <span class='ocrx_word' id='word_1_33' title='bbox 322 357 387 395; x_wconf 87' lang='lat' dir='ltr'><strong>rei</strong></span> <span class='ocrx_word' id='word_1_34' title='bbox 417 356 611 407; x_wconf 87' lang='lat' dir='ltr'><strong>publicae</strong></span> <span class='ocrx_word' id='word_1_35' title='bbox 642 352 849 393; x_wconf 85' lang='lat' dir='ltr'><strong>custodia.</strong></span> <span class='ocrx_word' id='word_1_36' title='bbox 908 350 1170 392; x_wconf 80' lang='lat' dir='ltr'>Sedebamus</span> <span class='ocrx_word' id='word_1_37' title='bbox 1201 358 1317 395; x_wconf 88' lang='lat' dir='ltr'><strong>enim</strong></span> <span class='ocrx_word' id='word_1_38' title='bbox 1352 357 1398 394; x_wconf 83' lang='lat' dir='ltr'><strong>in</strong></span> <span class='ocrx_word' id='word_1_39' title='bbox 1428 357 1568 409; x_wconf 89' lang='lat' dir='ltr'><strong>puppi</strong></span> 
     </span>
     <span class='ocr_line' id='line_1_6' title="bbox 107 408 1566 451; baseline -0.001 0"><span class='ocrx_word' id='word_1_40' title='bbox 107 418 150 451; x_wconf 85' lang='lat' dir='ltr'><strong>et</strong></span> <span class='ocrx_word' id='word_1_41' title='bbox 179 412 352 451; x_wconf 66' lang='lat' dir='ltr'><strong>clavum</strong></span> <span class='ocrx_word' id='word_1_42' title='bbox 383 411 655 449; x_wconf 79' lang='lat' dir='ltr'>tenebamus:</span> <span class='ocrx_word' id='word_1_43' title='bbox 700 421 815 446; x_wconf 85' lang='lat' dir='ltr'><strong>nunc</strong></span> <span class='ocrx_word' id='word_1_44' title='bbox 852 413 997 447; x_wconf 84' lang='lat' dir='ltr'><strong>autem</strong></span> <span class='ocrx_word' id='word_1_45' title='bbox 1031 408 1103 445; x_wconf 71' lang='lat' dir='ltr'><strong>vix</strong></span> <span class='ocrx_word' id='word_1_46' title='bbox 1136 415 1199 447; x_wconf 86' lang='lat' dir='ltr'><strong>est</strong></span> <span class='ocrx_word' id='word_1_47' title='bbox 1228 412 1273 448; x_wconf 89' lang='lat' dir='ltr'><strong>in</strong></span> <span class='ocrx_word' id='word_1_48' title='bbox 1306 411 1475 450; x_wconf 82' lang='lat' dir='ltr'><strong>sentina</strong></span> <span class='ocrx_word' id='word_1_49' title='bbox 1504 412 1566 450; x_wconf 82' lang='lat'><strong>10-</strong></span> 
     </span>
     <span class='ocr_line' id='line_1_7' title="bbox 107 463 1607 518; baseline 0 -13"><span class='ocrx_word' id='word_1_50' title='bbox 107 480 198 505; x_wconf 87' lang='lat' dir='ltr'><strong>cus.</strong></span> <span class='ocrx_word' id='word_1_51' title='bbox 258 466 322 504; x_wconf 89' lang='lat' dir='ltr'><strong>An</strong></span> <span class='ocrx_word' id='word_1_52' title='bbox 363 467 504 503; x_wconf 85' lang='lat' dir='ltr'><strong>minus</strong></span> <span class='ocrx_word' id='word_1_53' title='bbox 541 465 675 502; x_wconf 86' lang='lat' dir='ltr'><strong>multa</strong></span> <span class='ocrx_word' id='word_1_54' title='bbox 713 468 887 502; x_wconf 87' lang='lat' dir='ltr'><strong>senatus</strong></span> <span class='ocrx_word' id='word_1_55' title='bbox 925 463 1121 501; x_wconf 85' lang='lat' dir='ltr'><strong>consulta</strong></span> <span class='ocrx_word' id='word_1_56' title='bbox 1159 464 1306 503; x_wconf 79' lang='lat' dir='ltr'><strong>futura</strong></span> <span class='ocrx_word' id='word_1_57' title='bbox 1335 471 1484 518; x_wconf 86' lang='lat' dir='ltr'><strong>putas,</strong></span> <span class='ocrx_word' id='word_1_58' title='bbox 1529 467 1607 507; x_wconf 79' lang='lat' dir='ltr'><strong>si4</strong></span> 
     </span>
     <span class='ocr_line' id='line_1_8' title="bbox 107 518 1566 574; baseline -0.001 -13"><span class='ocrx_word' id='word_1_59' title='bbox 107 534 185 574; x_wconf 74' lang='lat' dir='ltr'><strong>ego</strong></span> <span class='ocrx_word' id='word_1_60' title='bbox 210 522 289 560; x_wconf 86' lang='lat' dir='ltr'><strong>sim</strong></span> <span class='ocrx_word' id='word_1_61' title='bbox 307 519 518 572; x_wconf 81' lang='lat' dir='ltr'>Neapoli?</span> <span class='ocrx_word' id='word_1_62' title='bbox 549 518 705 557; x_wconf 87' lang='lat' dir='ltr'><strong>Romae</strong></span> <span class='ocrx_word' id='word_1_63' title='bbox 725 531 860 570; x_wconf 89' lang='lat' dir='ltr'><strong>quum</strong></span> <span class='ocrx_word' id='word_1_64' title='bbox 875 529 971 556; x_wconf 88' lang='lat' dir='ltr'><strong>sum</strong></span> <span class='ocrx_word' id='word_1_65' title='bbox 992 523 1034 555; x_wconf 89' lang='lat' dir='ltr'><strong>et</strong></span> <span class='ocrx_word' id='word_1_66' title='bbox 1055 529 1189 570; x_wconf 77' lang='lat' dir='ltr'><strong>urgeo</strong></span> <span class='ocrx_word' id='word_1_67' title='bbox 1208 520 1366 569; x_wconf 80' lang='lat' dir='ltr'><strong>forum,</strong></span> <span class='ocrx_word' id='word_1_68' title='bbox 1393 526 1566 561; x_wconf 81' lang='lat' dir='ltr'><strong>senatus</strong></span> 
     </span>
     <span class='ocr_line' id='line_1_9' title="bbox 106 571 1564 624; baseline 0 -10"><span class='ocrx_word' id='word_1_69' title='bbox 106 577 300 615; x_wconf 82' lang='lat' dir='ltr'><strong>consulta</strong></span> <span class='ocrx_word' id='word_1_70' title='bbox 312 575 566 613; x_wconf 84' lang='lat' dir='ltr'><strong>scribuntur</strong></span> <span class='ocrx_word' id='word_1_71' title='bbox 581 571 696 624; x_wconf 86' lang='lat' dir='ltr'><strong>apud</strong></span> <span class='ocrx_word' id='word_1_72' title='bbox 713 579 952 611; x_wconf 79' lang='lat' dir='ltr'>amatorem</span> <span class='ocrx_word' id='word_1_73' title='bbox 971 578 1109 621; x_wconf 79' lang='lat' dir='ltr'><strong>tuum,</strong></span> <span class='ocrx_word' id='word_1_74' title='bbox 1127 573 1393 614; x_wconf 79' lang='lat' dir='ltr'><strong>familiarem</strong></span> <span class='ocrx_word' id='word_1_75' title='bbox 1408 588 1564 614; x_wconf 86' lang='lat' dir='ltr'><strong>meum.</strong></span> 
     </span>
     <span class='ocr_line' id='line_1_10' title="bbox 106 625 1566 682; baseline 0.001 -14"><span class='ocrx_word' id='word_1_76' title='bbox 106 630 159 668; x_wconf 67' lang='lat' dir='ltr'><strong>lit</strong></span> <span class='ocrx_word' id='word_1_77' title='bbox 185 628 362 682; x_wconf 78' lang='lat' dir='ltr'><strong>quidem</strong></span> <span class='ocrx_word' id='word_1_78' title='bbox 393 640 525 680; x_wconf 80' lang='lat' dir='ltr'><strong>quum</strong></span> <span class='ocrx_word' id='word_1_79' title='bbox 546 629 590 666; x_wconf 89' lang='lat' dir='ltr'><strong>in</strong></span> <span class='ocrx_word' id='word_1_80' title='bbox 608 634 795 667; x_wconf 80' lang='lat' dir='ltr'>mentem</span> <span class='ocrx_word' id='word_1_81' title='bbox 816 628 951 676; x_wconf 82' lang='lat' dir='ltr'><strong>venit,</strong></span> <span class='ocrx_word' id='word_1_82' title='bbox 971 640 1113 679; x_wconf 87' lang='lat' dir='ltr'><strong>ponor</strong></span> <span class='ocrx_word' id='word_1_83' title='bbox 1130 625 1183 666; x_wconf 90' lang='lat' dir='ltr'><strong>ad</strong></span> <span class='ocrx_word' id='word_1_84' title='bbox 1198 628 1501 668; x_wconf 84' lang='lat' dir='ltr'><strong>scribendum:</strong></span> <span class='ocrx_word' id='word_1_85' title='bbox 1523 636 1566 670; x_wconf 81' lang='lat' dir='ltr'><strong>et</strong></span> 
     </span>
     <span class='ocr_line' id='line_1_11' title="bbox 105 682 1564 734; baseline 0.001 -11"><span class='ocrx_word' id='word_1_86' title='bbox 105 691 205 723; x_wconf 84' lang='lat' dir='ltr'><strong>ante</strong></span> <span class='ocrx_word' id='word_1_87' title='bbox 238 683 368 722; x_wconf 87' lang='lat' dir='ltr'><strong>audio</strong></span> <span class='ocrx_word' id='word_1_88' title='bbox 398 689 573 722; x_wconf 87' lang='lat' dir='ltr'><strong>senatus</strong></span> <span class='ocrx_word' id='word_1_89' title='bbox 601 683 844 721; x_wconf 86' lang='lat' dir='ltr'><strong>consultum</strong></span> <span class='ocrx_word' id='word_1_90' title='bbox 870 683 915 719; x_wconf 86' lang='lat' dir='ltr'><strong>in</strong></span> <span class='ocrx_word' id='word_1_91' title='bbox 934 682 1185 721; x_wconf 78' lang='lat' dir='ltr'><strong>Armeniam</strong></span> <span class='ocrx_word' id='word_1_92' title='bbox 1206 688 1248 722; x_wconf 84' lang='lat' dir='ltr'><strong>et</strong></span> <span class='ocrx_word' id='word_1_93' title='bbox 1263 682 1441 734; x_wconf 79' lang='lat' dir='ltr'><strong>Syriam</strong></span> <span class='ocrx_word' id='word_1_94' title='bbox 1470 698 1564 725; x_wconf 80' lang='lat' dir='ltr'><strong>esse</strong></span> 
     </span>
     <span class='ocr_line' id='line_1_12' title="bbox 105 736 1564 792; baseline 0.001 -15"><span class='ocrx_word' id='word_1_95' title='bbox 105 739 345 792; x_wconf 87' lang='lat' dir='ltr'><strong>perlatum,</strong></span> <span class='ocrx_word' id='word_1_96' title='bbox 387 736 502 789; x_wconf 84' lang='lat' dir='ltr'><strong>quod</strong></span> <span class='ocrx_word' id='word_1_97' title='bbox 530 739 574 775; x_wconf 88' lang='lat' dir='ltr'><strong>in</strong></span> <span class='ocrx_word' id='word_1_98' title='bbox 606 751 743 776; x_wconf 83' lang='lat' dir='ltr'><strong>meam</strong></span> <span class='ocrx_word' id='word_1_99' title='bbox 773 739 1028 775; x_wconf 81' lang='lat' dir='ltr'><strong>sententiam</strong></span> <span class='ocrx_word' id='word_1_100' title='bbox 1062 739 1225 776; x_wconf 83' lang='lat' dir='ltr'><strong>factum</strong></span> <span class='ocrx_word' id='word_1_101' title='bbox 1256 751 1345 777; x_wconf 86' lang='lat' dir='ltr'><strong>esse</strong></span> <span class='ocrx_word' id='word_1_102' title='bbox 1377 738 1564 789; x_wconf 82' lang='lat' dir='ltr'><strong>dicatur,</strong></span> 
     </span>
     <span class='ocr_line' id='line_1_13' title="bbox 105 791 1565 846; baseline 0.001 -14"><span class='ocrx_word' id='word_1_103' title='bbox 105 808 234 846; x_wconf 85' lang='lat' dir='ltr'><strong>quam</strong></span> <span class='ocrx_word' id='word_1_104' title='bbox 263 794 437 831; x_wconf 89' lang='lat' dir='ltr'><strong>omnino</strong></span> <span class='ocrx_word' id='word_1_105' title='bbox 458 793 719 831; x_wconf 82' lang='lat' dir='ltr'><strong>mentionem</strong></span> <span class='ocrx_word' id='word_1_106' title='bbox 735 791 866 830; x_wconf 90' lang='lat' dir='ltr'><strong>ullam</strong></span> <span class='ocrx_word' id='word_1_107' title='bbox 897 791 949 831; x_wconf 90' lang='lat' dir='ltr'><strong>de</strong></span> <span class='ocrx_word' id='word_1_108' title='bbox 972 805 1021 830; x_wconf 88' lang='lat' dir='ltr'><strong>ea</strong></span> <span class='ocrx_word' id='word_1_109' title='bbox 1037 804 1084 832; x_wconf 87' lang='lat' dir='ltr'><strong>re</strong></span> <span class='ocrx_word' id='word_1_110' title='bbox 1107 804 1198 831; x_wconf 89' lang='lat' dir='ltr'><strong>esse</strong></span> <span class='ocrx_word' id='word_1_111' title='bbox 1219 793 1391 832; x_wconf 85' lang='lat' dir='ltr'><strong>factam.</strong></span> <span class='ocrx_word' id='word_1_112' title='bbox 1421 794 1565 846; x_wconf 86' lang='lat' dir='ltr'><strong>Atque</strong></span> 
     </span>
     <span class='ocr_line' id='line_1_14' title="bbox 104 847 1563 903; baseline 0.001 -17"><span class='ocrx_word' id='word_1_113' title='bbox 104 849 185 887; x_wconf 86' lang='lat' dir='ltr'><strong>hoc</strong></span> <span class='ocrx_word' id='word_1_114' title='bbox 215 849 348 886; x_wconf 87' lang='lat' dir='ltr'><strong>nolim</strong></span> <span class='ocrx_word' id='word_1_115' title='bbox 379 861 448 886; x_wconf 89' lang='lat' dir='ltr'><strong>me</strong></span> <span class='ocrx_word' id='word_1_116' title='bbox 476 848 613 886; x_wconf 85' lang='lat' dir='ltr'><strong>iocari</strong></span> <span class='ocrx_word' id='word_1_117' title='bbox 641 853 785 900; x_wconf 82' lang='lat' dir='ltr'><strong>putes:</strong></span> <span class='ocrx_word' id='word_1_118' title='bbox 818 859 915 884; x_wconf 86' lang='lat' dir='ltr'><strong>nam</strong></span> <span class='ocrx_word' id='word_1_119' title='bbox 939 847 1049 885; x_wconf 86' lang='lat' dir='ltr'><strong>mihi</strong></span> <span class='ocrx_word' id='word_1_120' title='bbox 1072 848 1182 886; x_wconf 87' lang='lat' dir='ltr'><strong>scito</strong></span> <span class='ocrx_word' id='word_1_121' title='bbox 1211 848 1298 886; x_wconf 87' lang='lat' dir='ltr'><strong>iam</strong></span> <span class='ocrx_word' id='word_1_122' title='bbox 1326 861 1350 886; x_wconf 88' lang='lat' dir='ltr'><strong>a</strong></span> <span class='ocrx_word' id='word_1_123' title='bbox 1382 850 1563 903; x_wconf 79' lang='lat' dir='ltr'><strong>regibus</strong></span> 
     </span>
     <span class='ocr_line' id='line_1_15' title="bbox 104 900 1564 957; baseline 0.001 -16"><span class='ocrx_word' id='word_1_124' title='bbox 104 904 274 941; x_wconf 84' lang='lat' dir='ltr'><strong>ultimis</strong></span> <span class='ocrx_word' id='word_1_125' title='bbox 294 903 443 941; x_wconf 88' lang='lat' dir='ltr'><strong>allatas</strong></span> <span class='ocrx_word' id='word_1_126' title='bbox 468 915 558 941; x_wconf 87' lang='lat' dir='ltr'><strong>esse</strong></span> <span class='ocrx_word' id='word_1_127' title='bbox 581 903 746 951; x_wconf 76' lang='lat' dir='ltr'><strong>literas,</strong></span> <span class='ocrx_word' id='word_1_128' title='bbox 777 902 935 953; x_wconf 86' lang='lat' dir='ltr'><strong>quibus</strong></span> <span class='ocrx_word' id='word_1_129' title='bbox 958 900 1068 940; x_wconf 80' lang='lat' dir='ltr'><strong>mihi</strong></span> <span class='ocrx_word' id='word_1_130' title='bbox 1086 903 1250 955; x_wconf 81' lang='lat' dir='ltr'><strong>gratias</strong></span> <span class='ocrx_word' id='word_1_131' title='bbox 1272 908 1415 957; x_wconf 83' lang='lat' dir='ltr'><strong>agant,</strong></span> <span class='ocrx_word' id='word_1_132' title='bbox 1446 903 1564 955; x_wconf 83' lang='lat' dir='ltr'><strong>quod</strong></span> 
     </span>
     <span class='ocr_line' id='line_1_16' title="bbox 105 956 1561 1012; baseline 0 -16"><span class='ocrx_word' id='word_1_133' title='bbox 105 971 149 996; x_wconf 91' lang='lat' dir='ltr'><strong>se</strong></span> <span class='ocrx_word' id='word_1_134' title='bbox 180 971 272 997; x_wconf 89' lang='lat' dir='ltr'><strong>mea</strong></span> <span class='ocrx_word' id='word_1_135' title='bbox 303 959 515 996; x_wconf 81' lang='lat' dir='ltr'><strong>sententia</strong></span> <span class='ocrx_word' id='word_1_136' title='bbox 545 970 667 998; x_wconf 55' lang='lat' dir='ltr'><strong>remes</strong></span> <span class='ocrx_word' id='word_1_137' title='bbox 699 956 1031 1009; x_wconf 85' lang='lat' dir='ltr'><strong>appellaverim:</strong></span> <span class='ocrx_word' id='word_1_138' title='bbox 1070 970 1173 1010; x_wconf 87' lang='lat' dir='ltr'><strong>quos</strong></span> <span class='ocrx_word' id='word_1_139' title='bbox 1205 970 1283 1012; x_wconf 81' lang='lat' dir='ltr'><strong>ego</strong></span> <span class='ocrx_word' id='word_1_140' title='bbox 1314 970 1400 996; x_wconf 89' lang='lat' dir='ltr'><strong>non</strong></span> <span class='ocrx_word' id='word_1_141' title='bbox 1432 958 1561 997; x_wconf 86' lang='lat' dir='ltr'><strong>modo</strong></span> 
     </span>
     <span class='ocr_line' id='line_1_17' title="bbox 104 993 1561 1067; baseline 0.001 -17"><span class='ocrx_word' id='word_1_142' title='bbox 104 1025 224 1066; x_wconf 74' lang='lat' dir='ltr'><strong>reges</strong></span> <span class='ocrx_word' id='word_1_143' title='bbox 253 1012 507 1065; x_wconf 73' lang='lat' dir='ltr'><strong>appellatos,</strong></span> <span class='ocrx_word' id='word_1_144' title='bbox 538 993 616 1050; x_wconf 61' lang='lat' dir='ltr'><strong>secl</strong></span> <span class='ocrx_word' id='word_1_145' title='bbox 642 1013 819 1050; x_wconf 89' lang='lat' dir='ltr'><strong>omnino</strong></span> <span class='ocrx_word' id='word_1_146' title='bbox 850 1017 973 1050; x_wconf 83' lang='lat' dir='ltr'><strong>natos</strong></span> <span class='ocrx_word' id='word_1_147' title='bbox 1004 1011 1261 1051; x_wconf 85' lang='lat' dir='ltr'><strong>nesciebam.</strong></span> <span class='ocrx_word' id='word_1_148' title='bbox 1309 1012 1427 1063; x_wconf 75' lang='lat' dir='ltr'><strong>Quid</strong></span> <span class='ocrx_word' id='word_1_149' title='bbox 1457 1025 1561 1067; x_wconf 83' lang='lat' dir='ltr'><strong>ergo</strong></span> 
     </span>
     <span class='ocr_line' id='line_1_18' title="bbox 104 1065 1560 1119; baseline 0 -13"><span class='ocrx_word' id='word_1_150' title='bbox 104 1070 194 1106; x_wconf 82' lang='lat' dir='ltr'><strong>est?</strong></span> <span class='ocrx_word' id='word_1_151' title='bbox 226 1066 401 1112; x_wconf 89' lang='lat' dir='ltr'><strong>Tamen,</strong></span> <span class='ocrx_word' id='word_1_152' title='bbox 434 1065 640 1119; x_wconf 86' lang='lat' dir='ltr'><strong>quamdiu</strong></span> <span class='ocrx_word' id='word_1_153' title='bbox 670 1065 742 1105; x_wconf 86' lang='lat' dir='ltr'><strong>hic</strong></span> <span class='ocrx_word' id='word_1_154' title='bbox 774 1066 858 1105; x_wconf 85' lang='lat' dir='ltr'><strong>erit</strong></span> <span class='ocrx_word' id='word_1_155' title='bbox 887 1071 1035 1105; x_wconf 85' lang='lat' dir='ltr'><strong>noster</strong></span> <span class='ocrx_word' id='word_1_156' title='bbox 1062 1066 1136 1106; x_wconf 85' lang='lat' dir='ltr'><strong>hic</strong></span> <span class='ocrx_word' id='word_1_157' title='bbox 1157 1068 1402 1119; x_wconf 81' lang='lat' dir='ltr'><strong>praefectus</strong></span> <span class='ocrx_word' id='word_1_158' title='bbox 1426 1069 1560 1106; x_wconf 88' lang='lat' dir='ltr'><strong>mori-</strong></span> 
     </span>
     <span class='ocr_line' id='line_1_19' title="bbox 101 1120 1601 1175; baseline 0.001 -15"><span class='ocrx_word' id='word_1_159' title='bbox 101 1121 196 1171; x_wconf 77' lang='lat' dir='ltr'><strong>buS‚</strong></span> <span class='ocrx_word' id='word_1_160' title='bbox 227 1121 388 1174; x_wconf 87' lang='lat' dir='ltr'><strong>parebo</strong></span> <span class='ocrx_word' id='word_1_161' title='bbox 419 1122 671 1160; x_wconf 83' lang='lat' dir='ltr'><strong>auctoritati</strong></span> <span class='ocrx_word' id='word_1_162' title='bbox 701 1126 822 1160; x_wconf 77' lang='lat' dir='ltr'><strong>tuae:</strong></span> <span class='ocrx_word' id='word_1_163' title='bbox 854 1133 987 1173; x_wconf 80' lang='lat' dir='ltr'><strong>quum</strong></span> <span class='ocrx_word' id='word_1_164' title='bbox 1012 1133 1117 1160; x_wconf 81' lang='lat' dir='ltr'><strong>vero</strong></span> <span class='ocrx_word' id='word_1_165' title='bbox 1140 1122 1297 1173; x_wconf 80' lang='lat' dir='ltr'><strong>aberit,</strong></span> <span class='ocrx_word' id='word_1_166' title='bbox 1327 1120 1383 1161; x_wconf 85' lang='lat' dir='ltr'><strong>ad</strong></span> <span class='ocrx_word' id='word_1_167' title='bbox 1406 1124 1601 1175; x_wconf 80' lang='lat' dir='ltr'><strong>fungos5</strong></span> 
     </span>
    </p>
   </div>
   <div class='ocr_carea' id='block_1_3' title="bbox 35 1230 1559 2705">
    <p class='ocr_par' dir='ltr' id='par_1_3' title="bbox 95 1230 1559 1836">
     <span class='ocr_line' id='line_1_20' title="bbox 101 1230 1559 1280; baseline 0.001 -13"><span class='ocrx_word' id='word_1_168' title='bbox 101 1245 155 1266; x_wconf 76' lang='lat' dir='ltr'><strong>res</strong></span> <span class='ocrx_word' id='word_1_169' title='bbox 180 1233 255 1274; x_wconf 78' lang='lat' dir='ltr'><strong>has,</strong></span> <span class='ocrx_word' id='word_1_170' title='bbox 283 1233 343 1267; x_wconf 84' lang='lat' dir='ltr'><strong>die</strong></span> <span class='ocrx_word' id='word_1_171' title='bbox 370 1231 609 1278; x_wconf 79' lang='lat' dir='ltr'><strong>dermaligon</strong></span> <span class='ocrx_word' id='word_1_172' title='bbox 630 1230 963 1280; x_wconf 68' lang='lat' dir='ltr'><strong>Slaatsgesch‘zifte.</strong></span> <span class='ocrx_word' id='word_1_173' title='bbox 997 1251 1044 1257; x_wconf 89' lang='lat'>—</span> <span class='ocrx_word' id='word_1_174' title='bbox 1080 1233 1248 1268; x_wconf 62' lang='lat' dir='ltr'><strong>Catulum</strong></span> <span class='ocrx_word' id='word_1_175' title='bbox 1276 1261 1284 1268; x_wconf 92' lang='lat'><em>.</em></span> <span class='ocrx_word' id='word_1_176' title='bbox 1309 1262 1317 1269; x_wconf 93' lang='lat'>.</span> <span class='ocrx_word' id='word_1_177' title='bbox 1345 1262 1352 1270; x_wconf 88' lang='lat'><strong>.</strong></span> <span class='ocrx_word' id='word_1_178' title='bbox 1380 1239 1559 1280; x_wconf 67' lang='lat' dir='ltr'><strong>tempora,</strong></span> 
     </span>
     <span class='ocr_line' id='line_1_21' title="bbox 102 1278 1558 1328; baseline 0.003 -16"><span class='ocrx_word' id='word_1_179' title='bbox 102 1281 188 1321; x_wconf 76' lang='lat' dir='ltr'><strong>„Du</strong></span> <span class='ocrx_word' id='word_1_180' title='bbox 215 1282 336 1314; x_wconf 71' lang='lat' dir='ltr'><strong>steust</strong></span> <span class='ocrx_word' id='word_1_181' title='bbox 364 1280 442 1312; x_wconf 79' lang='lat' dir='ltr'><strong>mir·</strong></span> <span class='ocrx_word' id='word_1_182' title='bbox 476 1279 549 1311; x_wconf 85' lang='lat' dir='ltr'><strong>den</strong></span> <span class='ocrx_word' id='word_1_183' title='bbox 577 1278 731 1312; x_wconf 76' lang='lat' dir='ltr'><strong>Catulus</strong></span> <span class='ocrx_word' id='word_1_184' title='bbox 766 1279 846 1312; x_wconf 85' lang='lat' dir='ltr'><strong>und</strong></span> <span class='ocrx_word' id='word_1_185' title='bbox 881 1281 967 1313; x_wconf 83' lang='lat' dir='ltr'><strong>iene</strong></span> <span class='ocrx_word' id='word_1_186' title='bbox 994 1281 1129 1314; x_wconf 85' lang='lat' dir='ltr'><strong>Zeiten</strong></span> <span class='ocrx_word' id='word_1_187' title='bbox 1163 1283 1216 1315; x_wconf 82' lang='lat' dir='ltr'><strong>als</strong></span> <span class='ocrx_word' id='word_1_188' title='bbox 1242 1282 1411 1328; x_wconf 86' lang='lat' dir='ltr'><strong>Beispiel</strong></span> <span class='ocrx_word' id='word_1_189' title='bbox 1447 1287 1558 1316; x_wconf 88' lang='lat' dir='ltr'><strong>vor.“</strong></span> 
     </span>
     <span class='ocr_line' id='line_1_22' title="bbox 102 1326 1559 1370; baseline 0.003 -9"><span class='ocrx_word' id='word_1_190' title='bbox 102 1330 238 1362; x_wconf 66' lang='lat' dir='ltr'><strong>Dieser</strong></span> <span class='ocrx_word' id='word_1_191' title='bbox 263 1328 301 1370; x_wconf 83' lang='lat' dir='ltr'><strong>Q.</strong></span> <span class='ocrx_word' id='word_1_192' title='bbox 330 1328 505 1361; x_wconf 81' lang='lat' dir='ltr'><strong>Lutatius</strong></span> <span class='ocrx_word' id='word_1_193' title='bbox 532 1326 711 1368; x_wconf 79' lang='lat' dir='ltr'><strong>Catulus,</strong></span> <span class='ocrx_word' id='word_1_194' title='bbox 751 1326 820 1361; x_wconf 85' lang='lat' dir='ltr'><strong>der</strong></span> <span class='ocrx_word' id='word_1_195' title='bbox 852 1326 957 1361; x_wconf 89' lang='lat' dir='ltr'><strong>Sohn</strong></span> <span class='ocrx_word' id='word_1_196' title='bbox 993 1328 1056 1362; x_wconf 86' lang='lat' dir='ltr'><strong>des</strong></span> <span class='ocrx_word' id='word_1_197' title='bbox 1091 1328 1132 1369; x_wconf 81' lang='lat' dir='ltr'><strong>Q.</strong></span> <span class='ocrx_word' id='word_1_198' title='bbox 1161 1330 1338 1370; x_wconf 84' lang='lat' dir='ltr'><strong>Catulus,</strong></span> <span class='ocrx_word' id='word_1_199' title='bbox 1381 1330 1450 1363; x_wconf 83' lang='lat' dir='ltr'><strong>der</strong></span> <span class='ocrx_word' id='word_1_200' title='bbox 1484 1330 1559 1365; x_wconf 79' lang='lat' dir='ltr'><strong>mit</strong></span> 
     </span>
     <span class='ocr_line' id='line_1_23' title="bbox 102 1374 1556 1420; baseline 0.003 -13"><span class='ocrx_word' id='word_1_201' title='bbox 102 1376 130 1408; x_wconf 79' lang='lat' dir='ltr'>C</span> <span class='ocrx_word' id='word_1_202' title='bbox 167 1375 310 1407; x_wconf 78' lang='lat' dir='ltr'><strong>Marius</strong></span> <span class='ocrx_word' id='word_1_203' title='bbox 337 1375 481 1408; x_wconf 84' lang='lat' dir='ltr'><strong>Consul</strong></span> <span class='ocrx_word' id='word_1_204' title='bbox 509 1385 685 1420; x_wconf 80' lang='lat' dir='ltr'><strong>gewesen</strong></span> <span class='ocrx_word' id='word_1_205' title='bbox 714 1386 809 1416; x_wconf 85' lang='lat' dir='ltr'><strong>war,</strong></span> <span class='ocrx_word' id='word_1_206' title='bbox 835 1374 1055 1408; x_wconf 84' lang='lat' dir='ltr'><strong>bekleidete</strong></span> <span class='ocrx_word' id='word_1_207' title='bbox 1081 1379 1151 1411; x_wconf 79' lang='lat'><strong>676</strong></span> <span class='ocrx_word' id='word_1_208' title='bbox 1178 1377 1240 1410; x_wconf 85' lang='lat' dir='ltr'><strong>das</strong></span> <span class='ocrx_word' id='word_1_209' title='bbox 1266 1377 1449 1410; x_wconf 85' lang='lat' dir='ltr'><strong>Consulat</strong></span> <span class='ocrx_word' id='word_1_210' title='bbox 1474 1379 1556 1411; x_wconf 82' lang='lat' dir='ltr'><strong>und</strong></span> 
     </span>
     <span class='ocr_line' id='line_1_24' title="bbox 100 1420 1556 1471; baseline 0.001 -14"><span class='ocrx_word' id='word_1_211' title='bbox 100 1423 346 1457; x_wconf 82' lang='lat' dir='ltr'><strong>widersetzte</strong></span> <span class='ocrx_word' id='word_1_212' title='bbox 373 1422 456 1455; x_wconf 73' lang='lat' dir='ltr'><strong>sich</strong></span> <span class='ocrx_word' id='word_1_213' title='bbox 483 1421 535 1453; x_wconf 70' lang='lat' dir='ltr'><strong>als</strong></span> <span class='ocrx_word' id='word_1_214' title='bbox 561 1420 698 1454; x_wconf 68' lang='lat' dir='ltr'><strong>&#39;aehter</strong></span> <span class='ocrx_word' id='word_1_215' title='bbox 712 1422 858 1455; x_wconf 75' lang='lat' dir='ltr'><strong>Patriot</strong></span> <span class='ocrx_word' id='word_1_216' title='bbox 884 1422 923 1454; x_wconf 89' lang='lat' dir='ltr'><strong>in</strong></span> <span class='ocrx_word' id='word_1_217' title='bbox 950 1423 1018 1455; x_wconf 83' lang='lat' dir='ltr'><strong>der</strong></span> <span class='ocrx_word' id='word_1_218' title='bbox 1033 1422 1168 1471; x_wconf 81' lang='lat' dir='ltr'><strong>Folge,</strong></span> <span class='ocrx_word' id='word_1_219' title='bbox 1194 1424 1381 1459; x_wconf 84' lang='lat' dir='ltr'><strong>wiewohl</strong></span> <span class='ocrx_word' id='word_1_220' title='bbox 1402 1425 1556 1459; x_wconf 84' lang='lat' dir='ltr'><strong>frucht-</strong></span> 
     </span>
     <span class='ocr_line' id='line_1_25' title="bbox 99 1469 1552 1516; baseline 0.002 -13"><span class='ocrx_word' id='word_1_221' title='bbox 99 1471 176 1511; x_wconf 78' lang='lat' dir='ltr'><strong>los,</strong></span> <span class='ocrx_word' id='word_1_222' title='bbox 211 1472 278 1503; x_wconf 78' lang='lat' dir='ltr'><strong>der</strong></span> <span class='ocrx_word' id='word_1_223' title='bbox 306 1469 589 1515; x_wconf 67' lang='lat' dir='ltr'><strong>iiberm&#39;assigen</strong></span> <span class='ocrx_word' id='word_1_224' title='bbox 623 1469 935 1516; x_wconf 77' lang='lat' dir='ltr'><strong>Vergrb‘sserung</strong></span> <span class='ocrx_word' id='word_1_225' title='bbox 961 1470 1021 1502; x_wconf 82' lang='lat' dir='ltr'><strong>des</strong></span> <span class='ocrx_word' id='word_1_226' title='bbox 1048 1472 1249 1515; x_wconf 83' lang='lat' dir='ltr'><strong>Pompeius</strong></span> <span class='ocrx_word' id='word_1_227' title='bbox 1275 1485 1313 1505; x_wconf 85' lang='lat' dir='ltr'><strong>u.</strong></span> <span class='ocrx_word' id='word_1_228' title='bbox 1341 1472 1478 1506; x_wconf 76' lang='lat' dir='ltr'><strong>C&#39;u‘sars.</strong></span> <span class='ocrx_word' id='word_1_229' title='bbox 1507 1492 1552 1499; x_wconf 93' lang='lat'>—</span> 
     </span>
     <span class='ocr_line' id='line_1_26' title="bbox 102 1516 1554 1561; baseline 0.003 -11"><span class='ocrx_word' id='word_1_230' title='bbox 102 1520 199 1561; x_wconf 67' lang='lat' dir='ltr'><strong>Quid</strong></span> <span class='ocrx_word' id='word_1_231' title='bbox 220 1519 364 1551; x_wconf 67' lang='lat' dir='ltr'><strong>simile?</strong></span> <span class='ocrx_word' id='word_1_232' title='bbox 389 1517 477 1549; x_wconf 77' lang='lat' dir='ltr'><strong>aber</strong></span> <span class='ocrx_word' id='word_1_233' title='bbox 505 1526 565 1548; x_wconf 79' lang='lat' dir='ltr'><strong>wo</strong></span> <span class='ocrx_word' id='word_1_234' title='bbox 587 1517 633 1549; x_wconf 70' lang='lat' dir='ltr'><strong>&#39;rst</strong></span> <span class='ocrx_word' id='word_1_235' title='bbox 653 1516 714 1549; x_wconf 77' lang='lat' dir='ltr'><strong>die</strong></span> <span class='ocrx_word' id='word_1_236' title='bbox 729 1516 1092 1552; x_wconf 71' lang='lat' dir='ltr'><strong>Aehnlichkeit3—</strong></span> <span class='ocrx_word' id='word_1_237' title='bbox 1107 1520 1245 1554; x_wconf 66' lang='lat' dir='ltr'><strong>diutius</strong></span> <span class='ocrx_word' id='word_1_238' title='bbox 1263 1520 1378 1553; x_wconf 76' lang='lat' dir='ltr'><strong>abesse</strong></span> <span class='ocrx_word' id='word_1_239' title='bbox 1397 1519 1554 1555; x_wconf 86' lang='lat' dir='ltr'><strong>bezieht</strong></span> 
     </span>
     <span class='ocr_line' id='line_1_27' title="bbox 97 1563 1553 1607; baseline 0.002 -9"><span class='ocrx_word' id='word_1_240' title='bbox 97 1566 181 1599; x_wconf 87' lang='lat' dir='ltr'><strong>sich</strong></span> <span class='ocrx_word' id='word_1_241' title='bbox 208 1566 358 1601; x_wconf 80' lang='lat' dir='ltr'><strong>darauf,</strong></span> <span class='ocrx_word' id='word_1_242' title='bbox 386 1565 466 1597; x_wconf 74' lang='lat' dir='ltr'><strong>dass</strong></span> <span class='ocrx_word' id='word_1_243' title='bbox 493 1563 628 1597; x_wconf 77' lang='lat' dir='ltr'><strong>Cicero</strong></span> <span class='ocrx_word' id='word_1_244' title='bbox 655 1565 697 1596; x_wconf 90' lang='lat' dir='ltr'><strong>in</strong></span> <span class='ocrx_word' id='word_1_245' title='bbox 724 1566 870 1598; x_wconf 82' lang='lat' dir='ltr'><strong>seinem</strong></span> <span class='ocrx_word' id='word_1_246' title='bbox 899 1564 1101 1599; x_wconf 83' lang='lat' dir='ltr'><strong>Consulate</strong></span> <span class='ocrx_word' id='word_1_247' title='bbox 1130 1567 1214 1599; x_wconf 83' lang='lat' dir='ltr'><strong>sich</strong></span> <span class='ocrx_word' id='word_1_248' title='bbox 1241 1568 1448 1607; x_wconf 53' lang='lat' dir='ltr'><strong>weiffertffi</strong></span> <span class='ocrx_word' id='word_1_249' title='bbox 1479 1570 1553 1601; x_wconf 85' lang='lat' dir='ltr'><strong>mit</strong></span> 
     </span>
     <span class='ocr_line' id='line_1_28' title="bbox 98 1607 1548 1658; baseline 0.002 -12"><span class='ocrx_word' id='word_1_250' title='bbox 98 1613 242 1646; x_wconf 72' lang='lat' dir='ltr'><strong>seinem</strong></span> <span class='ocrx_word' id='word_1_251' title='bbox 273 1612 456 1658; x_wconf 77' lang='lat' dir='ltr'><strong>Collegen</strong></span> <span class='ocrx_word' id='word_1_252' title='bbox 484 1611 674 1643; x_wconf 76' lang='lat' dir='ltr'><strong>Antonius</strong></span> <span class='ocrx_word' id='word_1_253' title='bbox 703 1623 766 1643; x_wconf 87' lang='lat' dir='ltr'><strong>um</strong></span> <span class='ocrx_word' id='word_1_254' title='bbox 795 1611 882 1644; x_wconf 82' lang='lat' dir='ltr'><strong>eine</strong></span> <span class='ocrx_word' id='word_1_255' title='bbox 909 1612 976 1644; x_wconf 81' lang='lat' dir='ltr'><strong>der</strong></span> <span class='ocrx_word' id='word_1_256' title='bbox 1002 1614 1217 1647; x_wconf 85' lang='lat' dir='ltr'><strong>Provinzen</strong></span> <span class='ocrx_word' id='word_1_257' title='bbox 1243 1627 1290 1647; x_wconf 91' lang='lat' dir='ltr'><strong>zu</strong></span> <span class='ocrx_word' id='word_1_258' title='bbox 1318 1607 1472 1655; x_wconf 66' lang='lat' dir='ltr'><strong>soosen,</strong></span> <span class='ocrx_word' id='word_1_259' title='bbox 1499 1628 1548 1649; x_wconf 86' lang='lat' dir='ltr'><strong>zu</strong></span> 
     </span>
     <span class='ocr_line' id='line_1_29' title="bbox 96 1657 1552 1711; baseline 0.002 -18"><span class='ocrx_word' id='word_1_260' title='bbox 96 1661 214 1694; x_wconf 76' lang='lat' dir='ltr'><strong>deren</strong></span> <span class='ocrx_word' id='word_1_261' title='bbox 242 1660 501 1703; x_wconf 73' lang='lat' dir='ltr'><strong>Verwaltung</strong></span> <span class='ocrx_word' id='word_1_262' title='bbox 528 1657 588 1691; x_wconf 80' lang='lat' dir='ltr'><strong>(lie</strong></span> <span class='ocrx_word' id='word_1_263' title='bbox 625 1658 806 1691; x_wconf 82' lang='lat' dir='ltr'><strong>iedesmal</strong></span> <span class='ocrx_word' id='word_1_264' title='bbox 845 1658 1094 1706; x_wconf 81' lang='lat' dir='ltr'><strong>abgehenden</strong></span> <span class='ocrx_word' id='word_1_265' title='bbox 1122 1661 1290 1695; x_wconf 84' lang='lat' dir='ltr'><strong>Consuln</strong></span> <span class='ocrx_word' id='word_1_266' title='bbox 1330 1662 1552 1711; x_wconf 80' lang='lat' dir='ltr'><strong>berechtigt</strong></span> 
     </span>
     <span class='ocr_line' id='line_1_30' title="bbox 95 1706 1547 1749; baseline 0.003 -9"><span class='ocrx_word' id='word_1_267' title='bbox 95 1719 239 1741; x_wconf 82' lang='lat' dir='ltr'><strong>waren.</strong></span> <span class='ocrx_word' id='word_1_268' title='bbox 268 1707 405 1741; x_wconf 85' lang='lat' dir='ltr'><strong>Cicero</strong></span> <span class='ocrx_word' id='word_1_269' title='bbox 435 1707 577 1738; x_wconf 80' lang='lat' dir='ltr'><strong>konnte</strong></span> <span class='ocrx_word' id='word_1_270' title='bbox 603 1706 685 1739; x_wconf 87' lang='lat' dir='ltr'><strong>sich</strong></span> <span class='ocrx_word' id='word_1_271' title='bbox 711 1706 897 1739; x_wconf 78' lang='lat' dir='ltr'><strong>ebenfalls</strong></span> <span class='ocrx_word' id='word_1_272' title='bbox 922 1706 1032 1741; x_wconf 80' lang='lat' dir='ltr'><strong>nicht</strong></span> <span class='ocrx_word' id='word_1_273' title='bbox 1055 1709 1342 1749; x_wconf 78' lang='lat' dir='ltr'><strong>entschliessen‚</strong></span> <span class='ocrx_word' id='word_1_274' title='bbox 1370 1709 1453 1742; x_wconf 77' lang='lat' dir='ltr'><strong>sich</strong></span> <span class='ocrx_word' id='word_1_275' title='bbox 1479 1711 1547 1744; x_wconf 82' lang='lat' dir='ltr'><strong>der</strong></span> 
     </span>
     <span class='ocr_line' id='line_1_31' title="bbox 97 1752 1550 1800; baseline 0.003 -12"><span class='ocrx_word' id='word_1_276' title='bbox 97 1755 224 1789; x_wconf 75' lang='lat' dir='ltr'><strong>Ohhut</strong></span> <span class='ocrx_word' id='word_1_277' title='bbox 250 1755 344 1788; x_wconf 78' lang='lat' dir='ltr'><strong>iiber</strong></span> <span class='ocrx_word' id='word_1_278' title='bbox 370 1754 430 1788; x_wconf 87' lang='lat' dir='ltr'><strong>die</strong></span> <span class='ocrx_word' id='word_1_279' title='bbox 444 1752 550 1786; x_wconf 79' lang='lat' dir='ltr'><strong>Stadt</strong></span> <span class='ocrx_word' id='word_1_280' title='bbox 576 1756 643 1786; x_wconf 87' lang='lat' dir='ltr'><strong>auf</strong></span> <span class='ocrx_word' id='word_1_281' title='bbox 665 1753 919 1800; x_wconf 63' lang='lat' dir='ltr'><strong>langereZeit</strong></span> <span class='ocrx_word' id='word_1_282' title='bbox 946 1767 995 1787; x_wconf 89' lang='lat' dir='ltr'><strong>zu</strong></span> <span class='ocrx_word' id='word_1_283' title='bbox 1025 1756 1246 1791; x_wconf 84' lang='lat' dir='ltr'><strong>entziehen.</strong></span> <span class='ocrx_word' id='word_1_284' title='bbox 1265 1776 1311 1782; x_wconf 91' lang='grc'><strong>--</strong></span> <span class='ocrx_word' id='word_1_285' title='bbox 1331 1760 1370 1791; x_wconf 81' lang='lat' dir='ltr'><strong>in</strong></span> <span class='ocrx_word' id='word_1_286' title='bbox 1396 1761 1550 1799; x_wconf 80' lang='lat' dir='ltr'><strong>sentina,</strong></span> 
     </span>
     <span class='ocr_line' id='line_1_32' title="bbox 96 1802 440 1836; baseline -0.006 0"><span class='ocrx_word' id='word_1_287' title='bbox 96 1804 149 1836; x_wconf 85' lang='lat' dir='ltr'><strong>im</strong></span> <span class='ocrx_word' id='word_1_288' title='bbox 177 1802 440 1835; x_wconf 80' lang='lat' dir='ltr'><strong>Schiffsraum.</strong></span> 
     </span>
    </p>

    <p class='ocr_par' dir='ltr' id='par_1_4' title="bbox 92 1848 1548 2182">
     <span class='ocr_line' id='line_1_33' title="bbox 189 1848 1548 1898; baseline 0.004 -16"><span class='ocrx_word' id='word_1_289' title='bbox 189 1853 220 1884; x_wconf 71' lang='grc' dir='ltr'><strong>[ι.</strong></span> <span class='ocrx_word' id='word_1_290' title='bbox 271 1862 380 1895; x_wconf 75' lang='lat' dir='ltr'><strong>urgeo</strong></span> <span class='ocrx_word' id='word_1_291' title='bbox 397 1849 539 1894; x_wconf 80' lang='lat' dir='ltr'><strong>forum,</strong></span> <span class='ocrx_word' id='word_1_292' title='bbox 568 1848 658 1881; x_wconf 87' lang='lat' dir='ltr'><strong>dum</strong></span> <span class='ocrx_word' id='word_1_293' title='bbox 686 1849 856 1882; x_wconf 81' lang='lat' dir='ltr'><strong>forenses</strong></span> <span class='ocrx_word' id='word_1_294' title='bbox 886 1860 1011 1883; x_wconf 71' lang='lat' dir='ltr'><strong>causas</strong></span> <span class='ocrx_word' id='word_1_295' title='bbox 1040 1861 1122 1898; x_wconf 82' lang='lat' dir='ltr'><strong>ago,</strong></span> <span class='ocrx_word' id='word_1_296' title='bbox 1149 1851 1227 1884; x_wconf 85' lang='lat' dir='ltr'><strong>und</strong></span> <span class='ocrx_word' id='word_1_297' title='bbox 1253 1853 1327 1886; x_wconf 87' lang='lat' dir='ltr'><strong>den</strong></span> <span class='ocrx_word' id='word_1_298' title='bbox 1347 1851 1548 1887; x_wconf 77' lang='lat' dir='ltr'><strong>Sachwal-</strong></span> 
     </span>
     <span class='ocr_line' id='line_1_34' title="bbox 95 1897 1547 1942; baseline 0.002 -10"><span class='ocrx_word' id='word_1_299' title='bbox 95 1905 156 1932; x_wconf 79' lang='lat' dir='ltr'><strong>ter</strong></span> <span class='ocrx_word' id='word_1_300' title='bbox 182 1898 327 1932; x_wconf 82' lang='lat' dir='ltr'><strong>mache.</strong></span> <span class='ocrx_word' id='word_1_301' title='bbox 357 1915 398 1921; x_wconf 90' lang='lat'>—</span> <span class='ocrx_word' id='word_1_302' title='bbox 425 1897 526 1931; x_wconf 71' lang='lat' dir='ltr'><strong>scrib.</strong></span> <span class='ocrx_word' id='word_1_303' title='bbox 555 1909 612 1941; x_wconf 76' lang='lat' dir='ltr'><strong>ap.</strong></span> <span class='ocrx_word' id='word_1_304' title='bbox 641 1902 753 1930; x_wconf 76' lang='lat' dir='ltr'><strong>amat.</strong></span> <span class='ocrx_word' id='word_1_305' title='bbox 781 1902 897 1939; x_wconf 72' lang='lat' dir='ltr'><strong>tuum,</strong></span> <span class='ocrx_word' id='word_1_306' title='bbox 925 1897 1138 1939; x_wconf 80' lang='lat' dir='ltr'><strong>Caesarem,</strong></span> <span class='ocrx_word' id='word_1_307' title='bbox 1171 1900 1238 1942; x_wconf 83' lang='lat' dir='ltr'><strong>qui</strong></span> <span class='ocrx_word' id='word_1_308' title='bbox 1266 1901 1369 1934; x_wconf 78' lang='lat' dir='ltr'><strong>Paeti</strong></span> <span class='ocrx_word' id='word_1_309' title='bbox 1396 1902 1547 1936; x_wconf 78' lang='lat' dir='ltr'><strong>facetiis</strong></span> 
     </span>
     <span class='ocr_line' id='line_1_35' title="bbox 101 1945 1547 1995; baseline 0.003 -17"><span class='ocrx_word' id='word_1_310' title='bbox 101 1946 373 1979; x_wconf 74' lang='lat' dir='ltr'><strong>delectabatur.</strong></span> <span class='ocrx_word' id='word_1_311' title='bbox 425 1945 582 1978; x_wconf 78' lang='lat' dir='ltr'><strong>Sensus:</strong></span> <span class='ocrx_word' id='word_1_312' title='bbox 619 1951 834 1977; x_wconf 81' lang='lat' dir='ltr'><strong>senatorum</strong></span> <span class='ocrx_word' id='word_1_313' title='bbox 861 1947 1070 1980; x_wconf 79' lang='lat' dir='ltr'><strong>sententiae</strong></span> <span class='ocrx_word' id='word_1_314' title='bbox 1109 1957 1187 1979; x_wconf 90' lang='lat' dir='ltr'><strong>non</strong></span> <span class='ocrx_word' id='word_1_315' title='bbox 1227 1956 1438 1995; x_wconf 80' lang='lat' dir='ltr'><strong>rogantur,</strong></span> <span class='ocrx_word' id='word_1_316' title='bbox 1483 1949 1547 1982; x_wconf 84' lang='lat' dir='ltr'><strong>sed</strong></span> 
     </span>
     <span class='ocr_line' id='line_1_36' title="bbox 94 1991 1545 2037; baseline 0.003 -12"><span class='ocrx_word' id='word_1_317' title='bbox 94 1999 245 2026; x_wconf 78' lang='lat' dir='ltr'><strong>senatus</strong></span> <span class='ocrx_word' id='word_1_318' title='bbox 282 1992 450 2025; x_wconf 81' lang='lat' dir='ltr'><strong>consulta</strong></span> <span class='ocrx_word' id='word_1_319' title='bbox 485 1991 607 2024; x_wconf 80' lang='lat' dir='ltr'><strong>inscio</strong></span> <span class='ocrx_word' id='word_1_320' title='bbox 642 1998 777 2025; x_wconf 82' lang='lat' dir='ltr'><strong>senatu</strong></span> <span class='ocrx_word' id='word_1_321' title='bbox 811 1992 914 2025; x_wconf 87' lang='lat' dir='ltr'><strong>domi</strong></span> <span class='ocrx_word' id='word_1_322' title='bbox 951 1994 1049 2037; x_wconf 78' lang='lat' dir='ltr'><strong>apud</strong></span> <span class='ocrx_word' id='word_1_323' title='bbox 1077 1994 1273 2028; x_wconf 82' lang='lat' dir='ltr'><strong>Caesarem</strong></span> <span class='ocrx_word' id='word_1_324' title='bbox 1308 1994 1545 2032; x_wconf 80' lang='lat' dir='ltr'><strong>scribuntur.</strong></span> 
     </span>
     <span class='ocr_line' id='line_1_37' title="bbox 92 2040 1545 2084; baseline 0.004 -12"><span class='ocrx_word' id='word_1_325' title='bbox 92 2040 275 2074; x_wconf 72' lang='lat' dir='ltr'><em>MANUT.</em></span> <span class='ocrx_word' id='word_1_326' title='bbox 310 2059 355 2064; x_wconf 90' lang='lat'><em>-</em></span> <span class='ocrx_word' id='word_1_327' title='bbox 391 2052 497 2084; x_wconf 74' lang='lat' dir='ltr'><strong>quum</strong></span> <span class='ocrx_word' id='word_1_328' title='bbox 523 2043 559 2073; x_wconf 77' lang='lat' dir='ltr'><strong>in</strong></span> <span class='ocrx_word' id='word_1_329' title='bbox 585 2045 738 2073; x_wconf 61' lang='lat' dir='ltr'><strong>menfem</strong></span> <span class='ocrx_word' id='word_1_330' title='bbox 763 2043 862 2073; x_wconf 76' lang='lat' dir='ltr'><strong>venit</strong></span> <span class='ocrx_word' id='word_1_331' title='bbox 889 2041 1063 2081; x_wconf 79' lang='lat' dir='ltr'><strong>Caesari,</strong></span> <span class='ocrx_word' id='word_1_332' title='bbox 1108 2042 1148 2074; x_wconf 88' lang='lat' dir='ltr'><strong>in</strong></span> <span class='ocrx_word' id='word_1_333' title='bbox 1184 2050 1333 2076; x_wconf 81' lang='lat' dir='ltr'><strong>senatus</strong></span> <span class='ocrx_word' id='word_1_334' title='bbox 1370 2045 1545 2078; x_wconf 75' lang='lat' dir='ltr'><strong>consulto</strong></span> 
     </span>
     <span class='ocr_line' id='line_1_38' title="bbox 92 2088 1543 2133; baseline 0.003 -13"><span class='ocrx_word' id='word_1_335' title='bbox 92 2089 206 2133; x_wconf 85' lang='lat' dir='ltr'><strong>ponit</strong></span> <span class='ocrx_word' id='word_1_336' title='bbox 233 2089 397 2120; x_wconf 81' lang='lat' dir='ltr'><strong>adfuisse</strong></span> <span class='ocrx_word' id='word_1_337' title='bbox 426 2099 484 2120; x_wconf 86' lang='lat' dir='ltr'><strong>me</strong></span> <span class='ocrx_word' id='word_1_338' title='bbox 511 2088 725 2129; x_wconf 81' lang='lat' dir='ltr'><strong>scribendo,</strong></span> <span class='ocrx_word' id='word_1_339' title='bbox 756 2097 794 2120; x_wconf 88' lang='lat' dir='ltr'><strong>so</strong></span> <span class='ocrx_word' id='word_1_340' title='bbox 820 2095 917 2122; x_wconf 81' lang='lat' dir='ltr'><strong>setzt</strong></span> <span class='ocrx_word' id='word_1_341' title='bbox 944 2099 986 2121; x_wconf 84' lang='lat' dir='ltr'><strong>er</strong></span> <span class='ocrx_word' id='word_1_342' title='bbox 1011 2089 1138 2123; x_wconf 87' lang='lat' dir='ltr'><strong>meine</strong></span> <span class='ocrx_word' id='word_1_343' title='bbox 1166 2090 1430 2125; x_wconf 81' lang='lat' dir='ltr'><strong>Unterschrist</strong></span> <span class='ocrx_word' id='word_1_344' title='bbox 1457 2092 1543 2124; x_wconf 79' lang='lat' dir='ltr'><strong>dar·-</strong></span> 
     </span>
     <span class='ocr_line' id='line_1_39' title="bbox 92 2135 1545 2182; baseline 0.004 -15"><span class='ocrx_word' id='word_1_345' title='bbox 92 2141 216 2169; x_wconf 82' lang='lat' dir='ltr'><strong>unter.</strong></span> <span class='ocrx_word' id='word_1_346' title='bbox 275 2147 392 2180; x_wconf 78' lang='lat' dir='ltr'><strong>ponor</strong></span> <span class='ocrx_word' id='word_1_347' title='bbox 425 2135 583 2179; x_wconf 73' lang='lat' dir='ltr'><strong>adfuisse</strong></span> <span class='ocrx_word' id='word_1_348' title='bbox 620 2136 805 2168; x_wconf 56' lang='lat' dir='ltr'><strong>scribendo</strong></span> <span class='ocrx_word' id='word_1_349' title='bbox 841 2136 885 2168; x_wconf 75' lang='lat' dir='ltr'><strong>de</strong></span> <span class='ocrx_word' id='word_1_350' title='bbox 918 2135 1019 2168; x_wconf 66' lang='lat' dir='ltr'><strong>Man.</strong></span> <span class='ocrx_word' id='word_1_351' title='bbox 1052 2137 1151 2169; x_wconf 86' lang='lat' dir='ltr'><strong>coni.</strong></span> <span class='ocrx_word' id='word_1_352' title='bbox 1179 2137 1310 2171; x_wconf 83' lang='lat' dir='ltr'><strong>Lamb.</strong></span> <span class='ocrx_word' id='word_1_353' title='bbox 1337 2138 1422 2173; x_wconf 86' lang='lat' dir='ltr'>Sch.</span> <span class='ocrx_word' id='word_1_354' title='bbox 1460 2139 1545 2182; x_wconf 87' lang='lat' dir='ltr'><strong>(hic</strong></span> 
     </span>
    </p>

    <p class='ocr_par' dir='ltr' id='par_1_5' title="bbox 35 2183 1542 2228">
     <span class='ocr_line' id='line_1_40' title="bbox 35 2183 1542 2228; baseline 0.004 -13"><span class='ocrx_word' id='word_1_355' title='bbox 35 2203 36 2224; x_wconf 30' lang='lat' dir='ltr'><strong><em>g</em></strong></span> <span class='ocrx_word' id='word_1_356' title='bbox 93 2183 148 2215; x_wconf 80' lang='lat' dir='ltr'><strong>sic</strong></span> <span class='ocrx_word' id='word_1_357' title='bbox 176 2183 353 2227; x_wconf 75' lang='lat' dir='ltr'><strong>scripsit:</strong></span> <span class='ocrx_word' id='word_1_358' title='bbox 389 2196 504 2227; x_wconf 80' lang='lat' dir='ltr'><strong>ponor</strong></span> <span class='ocrx_word' id='word_1_359' title='bbox 529 2183 639 2216; x_wconf 72' lang='grc' dir='ltr'><strong>ΑΒΓ.</strong></span> <span class='ocrx_word' id='word_1_360' title='bbox 667 2184 843 2223; x_wconf 84' lang='lat' dir='ltr'><strong><em>SCRIB.).</em></strong></span> <span class='ocrx_word' id='word_1_361' title='bbox 883 2183 959 2218; x_wconf 81' lang='lat' dir='ltr'><strong>Cfr.</strong></span> <span class='ocrx_word' id='word_1_362' title='bbox 994 2190 1122 2218; x_wconf 87' lang='lat' dir='ltr'><strong>tamen</strong></span> <span class='ocrx_word' id='word_1_363' title='bbox 1155 2185 1256 2218; x_wconf 84' lang='lat' dir='ltr'><strong>infra</strong></span> <span class='ocrx_word' id='word_1_364' title='bbox 1282 2185 1360 2219; x_wconf 78' lang='lat' dir='ltr'><strong>Lib.</strong></span> <span class='ocrx_word' id='word_1_365' title='bbox 1390 2188 1452 2228; x_wconf 84' lang='lat'><strong>12,</strong></span> <span class='ocrx_word' id='word_1_366' title='bbox 1479 2189 1542 2223; x_wconf 76' lang='lat'><strong>29:</strong></span> 
     </span>
    </p>

    <p class='ocr_par' dir='ltr' id='par_1_6' title="bbox 35 2230 1544 2277">
     <span class='ocr_line' id='line_1_41' title="bbox 35 2230 1544 2277; baseline 0.004 -15"><span class='ocrx_word' id='word_1_367' title='bbox 35 2235 36 2249; x_wconf 67' lang='lat'>³</span> <span class='ocrx_word' id='word_1_368' title='bbox 93 2243 282 2275; x_wconf 76' lang='lat' dir='ltr'><strong>uunquam</strong></span> <span class='ocrx_word' id='word_1_369' title='bbox 301 2230 388 2274; x_wconf 80' lang='lat' dir='ltr'><strong>fuit</strong></span> <span class='ocrx_word' id='word_1_370' title='bbox 412 2233 462 2263; x_wconf 75' lang='lat' dir='ltr'><strong>ad</strong></span> <span class='ocrx_word' id='word_1_371' title='bbox 483 2232 715 2265; x_wconf 72' lang='lat' dir='ltr'><strong>scribendmn.</strong></span> <span class='ocrx_word' id='word_1_372' title='bbox 743 2232 786 2263; x_wconf 81' lang='lat' dir='ltr'><strong>ad</strong></span> <span class='ocrx_word' id='word_1_373' title='bbox 801 2233 914 2264; x_wconf 69' lang='lat' dir='ltr'><strong>Attio.</strong></span> <span class='ocrx_word' id='word_1_374' title='bbox 945 2235 976 2273; x_wconf 88' lang='lat'><strong>1,</strong></span> <span class='ocrx_word' id='word_1_375' title='bbox 1004 2235 1067 2267; x_wconf 84' lang='lat'><strong>19:</strong></span> <span class='ocrx_word' id='word_1_376' title='bbox 1096 2235 1192 2277; x_wconf 78' lang='lat' dir='ltr'><strong>quod</strong></span> <span class='ocrx_word' id='word_1_377' title='bbox 1212 2246 1267 2267; x_wconf 86' lang='lat' dir='ltr'><strong>me</strong></span> <span class='ocrx_word' id='word_1_378' title='bbox 1292 2247 1361 2268; x_wconf 81' lang='lat' dir='ltr'><strong>esse</strong></span> <span class='ocrx_word' id='word_1_379' title='bbox 1387 2237 1437 2267; x_wconf 80' lang='lat' dir='ltr'><strong>ad</strong></span> <span class='ocrx_word' id='word_1_380' title='bbox 1458 2239 1544 2269; x_wconf 83' lang='lat' dir='ltr'><strong>scri-</strong></span> 
     </span>
    </p>

    <p class='ocr_par' dir='ltr' id='par_1_7' title="bbox 35 2278 1541 2422">
     <span class='ocr_line' id='line_1_42' title="bbox 35 2278 1541 2326; baseline 0.003 -16"><span class='ocrx_word' id='word_1_381' title='bbox 35 2291 36 2298; x_wconf 57' lang='lat'><em>*</em></span> <span class='ocrx_word' id='word_1_382' title='bbox 93 2280 243 2311; x_wconf 69' lang='lat' dir='ltr'><strong>bendum</strong></span> <span class='ocrx_word' id='word_1_383' title='bbox 268 2281 371 2312; x_wconf 70' lang='lat' dir='ltr'><strong>vides.</strong></span> <span class='ocrx_word' id='word_1_384' title='bbox 414 2280 595 2312; x_wconf 83' lang='lat' dir='ltr'><strong>Omnibus</strong></span> <span class='ocrx_word' id='word_1_385' title='bbox 622 2287 748 2312; x_wconf 77' lang='lat' dir='ltr'><strong>autem</strong></span> <span class='ocrx_word' id='word_1_386' title='bbox 777 2278 836 2311; x_wconf 84' lang='lat' dir='ltr'><strong>his</strong></span> <span class='ocrx_word' id='word_1_387' title='bbox 866 2279 960 2312; x_wconf 87' lang='lat' dir='ltr'><strong>locis</strong></span> <span class='ocrx_word' id='word_1_388' title='bbox 987 2280 1118 2313; x_wconf 85' lang='lat' dir='ltr'><strong>eodem</strong></span> <span class='ocrx_word' id='word_1_389' title='bbox 1145 2282 1260 2326; x_wconf 86' lang='lat' dir='ltr'><strong>plane</strong></span> <span class='ocrx_word' id='word_1_390' title='bbox 1288 2283 1400 2315; x_wconf 84' lang='lat' dir='ltr'><strong>modo</strong></span> <span class='ocrx_word' id='word_1_391' title='bbox 1427 2284 1541 2316; x_wconf 86' lang='lat' dir='ltr'><strong>verba</strong></span> 
     </span>
     <span class='ocr_line' id='line_1_43' title="bbox 94 2327 1540 2373; baseline 0.003 -16"><span class='ocrx_word' id='word_1_392' title='bbox 94 2327 164 2358; x_wconf 85' lang='lat' dir='ltr'><strong>ista</strong></span> <span class='ocrx_word' id='word_1_393' title='bbox 191 2333 373 2370; x_wconf 83' lang='lat' dir='ltr'><strong>corrupta</strong></span> <span class='ocrx_word' id='word_1_394' title='bbox 403 2337 491 2366; x_wconf 80' lang='lat' dir='ltr'><strong>esse,</strong></span> <span class='ocrx_word' id='word_1_395' title='bbox 519 2339 607 2360; x_wconf 85' lang='lat' dir='ltr'><strong>sane</strong></span> <span class='ocrx_word' id='word_1_396' title='bbox 635 2338 773 2371; x_wconf 78' lang='lat' dir='ltr'><strong>parum</strong></span> <span class='ocrx_word' id='word_1_397' title='bbox 801 2333 855 2360; x_wconf 84' lang='lat' dir='ltr'><strong>est</strong></span> <span class='ocrx_word' id='word_1_398' title='bbox 877 2327 1094 2370; x_wconf 81' lang='lat' dir='ltr'><strong>probabile;</strong></span> <span class='ocrx_word' id='word_1_399' title='bbox 1124 2336 1372 2373; x_wconf 82' lang='lat' dir='ltr'><strong>nostramque</strong></span> <span class='ocrx_word' id='word_1_400' title='bbox 1394 2333 1540 2363; x_wconf 80' lang='lat' dir='ltr'><strong>formu-</strong></span> 
     </span>
     <span class='ocr_line' id='line_1_44' title="bbox 90 2373 1538 2422; baseline 0.004 -18"><span class='ocrx_word' id='word_1_401' title='bbox 90 2373 167 2405; x_wconf 85' lang='lat' dir='ltr'><strong>lam</strong></span> <span class='ocrx_word' id='word_1_402' title='bbox 212 2373 369 2420; x_wconf 84' lang='lat' dir='ltr'><strong>agnovit</strong></span> <span class='ocrx_word' id='word_1_403' title='bbox 410 2374 525 2407; x_wconf 81' lang='lat' dir='ltr'><strong>etiam</strong></span> <span class='ocrx_word' id='word_1_404' title='bbox 569 2374 785 2408; x_wconf 84' lang='lat' dir='ltr'><strong>Gronovius</strong></span> <span class='ocrx_word' id='word_1_405' title='bbox 826 2375 986 2408; x_wconf 61' lang='lat' dir='ltr'><strong>Obscrz-v.</strong></span> <span class='ocrx_word' id='word_1_406' title='bbox 1019 2377 1111 2410; x_wconf 72' lang='lat' dir='ltr'><em>Add.</em></span> <span class='ocrx_word' id='word_1_407' title='bbox 1149 2388 1185 2421; x_wconf 84' lang='lat' dir='ltr'><strong>p.</strong></span> <span class='ocrx_word' id='word_1_408' title='bbox 1219 2380 1298 2412; x_wconf 40' lang='lat'>8¹48&lt;</span> <span class='ocrx_word' id='word_1_409' title='bbox 1336 2378 1404 2410; x_wconf 75' lang='lat' dir='ltr'><strong>Ed.</strong></span> <span class='ocrx_word' id='word_1_410' title='bbox 1439 2378 1538 2422; x_wconf 63' lang='lat' dir='ltr'><strong>Lips</strong></span> 
     </span>
    </p>

    <p class='ocr_par' dir='ltr' id='par_1_8' title="bbox 35 2420 1538 2515">
     <span class='ocr_line' id='line_1_45' title="bbox 35 2420 1538 2470; baseline 0.005 -19"><span class='ocrx_word' id='word_1_411' title='bbox 35 2441 36 2444; x_wconf 57' lang='lat'><em>=</em></span> <span class='ocrx_word' id='word_1_412' title='bbox 93 2420 281 2455; x_wconf 80' lang='lat' dir='ltr'><strong><em>ORELLI.</em></strong></span> <span class='ocrx_word' id='word_1_413' title='bbox 312 2440 351 2445; x_wconf 87' lang='lat'>-</span> <span class='ocrx_word' id='word_1_414' title='bbox 383 2423 531 2461; x_wconf 70' lang='lat' dir='ltr'><strong>ultimis,</strong></span> <span class='ocrx_word' id='word_1_415' title='bbox 558 2433 615 2454; x_wconf 79' lang='lat' dir='ltr'><strong>am</strong></span> <span class='ocrx_word' id='word_1_416' title='bbox 636 2422 746 2455; x_wconf 55' lang='lat' dir='ltr'><strong>lande</strong></span> <span class='ocrx_word' id='word_1_417' title='bbox 773 2422 840 2455; x_wconf 83' lang='lat' dir='ltr'><strong>der</strong></span> <span class='ocrx_word' id='word_1_418' title='bbox 860 2423 981 2458; x_wconf 83' lang='lat' dir='ltr'><strong>Welt.</strong></span> <span class='ocrx_word' id='word_1_419' title='bbox 1010 2442 1041 2447; x_wconf 90' lang='lat'><em>-</em></span> <span class='ocrx_word' id='word_1_420' title='bbox 1071 2437 1169 2470; x_wconf 80' lang='lat' dir='ltr'><strong>reges</strong></span> <span class='ocrx_word' id='word_1_421' title='bbox 1195 2438 1294 2470; x_wconf 59' lang='lat' dir='ltr'><strong>app„</strong></span> <span class='ocrx_word' id='word_1_422' title='bbox 1321 2425 1439 2459; x_wconf 83' lang='lat' dir='ltr'><strong>ihnen</strong></span> <span class='ocrx_word' id='word_1_423' title='bbox 1466 2425 1538 2459; x_wconf 89' lang='lat' dir='ltr'><strong>den</strong></span> 
     </span>
     <span class='ocr_line' id='line_1_46' title="bbox 88 2468 695 2515; baseline 0.003 -15"><span class='ocrx_word' id='word_1_424' title='bbox 88 2468 322 2515; x_wconf 81' lang='lat' dir='ltr'><strong>K‘o&#39;nigstitel</strong></span> <span class='ocrx_word' id='word_1_425' title='bbox 350 2470 553 2502; x_wconf 63' lang='lat' dir='ltr'><strong>verschafft</strong></span> <span class='ocrx_word' id='word_1_426' title='bbox 579 2469 695 2503; x_wconf 57' lang='lat' dir='ltr'><strong>hatte.</strong></span> 
     </span>
    </p>

    <p class='ocr_par' dir='ltr' id='par_1_9' title="bbox 89 2516 1538 2605">
     <span class='ocr_line' id='line_1_47' title="bbox 182 2516 1538 2560; baseline 0.004 -11"><span class='ocrx_word' id='word_1_427' title='bbox 182 2519 214 2550; x_wconf 88' lang='lat'><strong>5.</strong></span> <span class='ocrx_word' id='word_1_428' title='bbox 265 2516 472 2560; x_wconf 61' lang='lat' dir='ltr'><strong>praefectus</strong></span> <span class='ocrx_word' id='word_1_429' title='bbox 491 2519 656 2556; x_wconf 59' lang='lat' dir='ltr'><strong>marmus,</strong></span> <span class='ocrx_word' id='word_1_430' title='bbox 686 2516 989 2559; x_wconf 75' lang='lat' dir='ltr'><strong>Sittemneister5</strong></span> <span class='ocrx_word' id='word_1_431' title='bbox 1017 2518 1081 2552; x_wconf 84' lang='lat' dir='ltr'><strong>ein</strong></span> <span class='ocrx_word' id='word_1_432' title='bbox 1106 2521 1328 2559; x_wconf 69' lang='lat' dir='ltr'><strong>nzmesAmt,</strong></span> <span class='ocrx_word' id='word_1_433' title='bbox 1356 2521 1428 2554; x_wconf 83' lang='lat' dir='ltr'><strong>mit</strong></span> <span class='ocrx_word' id='word_1_434' title='bbox 1442 2522 1538 2555; x_wconf 84' lang='lat' dir='ltr'><strong>wel-</strong></span> 
     </span>
     <span class='ocr_line' id='line_1_48' title="bbox 89 2561 1537 2605; baseline 0.006 -10"><span class='ocrx_word' id='word_1_435' title='bbox 89 2561 202 2596; x_wconf 85' lang='lat' dir='ltr'><strong>chem</strong></span> <span class='ocrx_word' id='word_1_436' title='bbox 242 2563 310 2596; x_wconf 87' lang='lat' dir='ltr'><strong>der</strong></span> <span class='ocrx_word' id='word_1_437' title='bbox 347 2563 461 2597; x_wconf 73' lang='lat' dir='ltr'><strong>senat</strong></span> <span class='ocrx_word' id='word_1_438' title='bbox 496 2570 538 2603; x_wconf 80' lang='grc'><strong>(5,</strong></span> <span class='ocrx_word' id='word_1_439' title='bbox 568 2566 640 2598; x_wconf 85' lang='lat' dir='ltr'><strong>Dio</strong></span> <span class='ocrx_word' id='word_1_440' title='bbox 666 2564 809 2605; x_wconf 82' lang='lat' dir='ltr'>XLIII)</span> <span class='ocrx_word' id='word_1_441' title='bbox 845 2565 926 2598; x_wconf 85' lang='lat' dir='ltr'><strong>dem</strong></span> <span class='ocrx_word' id='word_1_442' title='bbox 963 2566 1076 2599; x_wconf 70' lang='lat' dir='ltr'><strong>C&#39;zisar</strong></span> <span class='ocrx_word' id='word_1_443' title='bbox 1109 2569 1195 2602; x_wconf 83' lang='lat' dir='ltr'><strong>eine</strong></span> <span class='ocrx_word' id='word_1_444' title='bbox 1231 2568 1537 2603; x_wconf 74' lang='lat' dir='ltr'><strong>willkiihrliche</strong></span> 
     </span>
    </p>

    <p class='ocr_par' dir='ltr' id='par_1_10' title="bbox 36 2611 1538 2705">
     <span class='ocr_line' id='line_1_49' title="bbox 36 2611 1537 2655; baseline 0.005 -13"><span class='ocrx_word' id='word_1_445' title='bbox 36 2633 37 2655; x_wconf 71' lang='lat'>;</span> <span class='ocrx_word' id='word_1_446' title='bbox 87 2612 158 2643; x_wconf 80' lang='lat' dir='ltr'><strong>Art</strong></span> <span class='ocrx_word' id='word_1_447' title='bbox 186 2622 260 2644; x_wconf 87' lang='lat' dir='ltr'><strong>von</strong></span> <span class='ocrx_word' id='word_1_448' title='bbox 290 2611 557 2646; x_wconf 79' lang='lat' dir='ltr'><strong>Oberaufsicht</strong></span> <span class='ocrx_word' id='word_1_449' title='bbox 584 2614 676 2645; x_wconf 83' lang='lat' dir='ltr'><strong>iiber</strong></span> <span class='ocrx_word' id='word_1_450' title='bbox 702 2612 763 2645; x_wconf 88' lang='lat' dir='ltr'><strong>die</strong></span> <span class='ocrx_word' id='word_1_451' title='bbox 790 2613 916 2646; x_wconf 79' lang='lat' dir='ltr'><strong>Sitten</strong></span> <span class='ocrx_word' id='word_1_452' title='bbox 944 2614 1012 2647; x_wconf 75' lang='lat' dir='ltr'><strong>de=r</strong></span> <span class='ocrx_word' id='word_1_453' title='bbox 1037 2615 1179 2648; x_wconf 71' lang='lat' dir='ltr'><strong>Ito&#39;mer</strong></span> <span class='ocrx_word' id='word_1_454' title='bbox 1213 2618 1278 2649; x_wconf 68' lang='lat' dir='ltr'><strong>ftu-</strong></span> <span class='ocrx_word' id='word_1_455' title='bbox 1312 2616 1395 2649; x_wconf 79' lang='lat' dir='ltr'><strong>drei</strong></span> <span class='ocrx_word' id='word_1_456' title='bbox 1424 2617 1537 2651; x_wconf 76' lang='lat' dir='ltr'><strong>Iahre</strong></span> 
     </span>
     <span class='ocr_line' id='line_1_50' title="bbox 87 2659 1538 2705; baseline 0.006 -17"><span class='ocrx_word' id='word_1_457' title='bbox 87 2659 253 2705; x_wconf 57' lang='lat' dir='ltr'><strong>:iusti-ug.</strong></span> <span class='ocrx_word' id='word_1_458' title='bbox 291 2678 336 2683; x_wconf 93' lang='lat'>—</span> <span class='ocrx_word' id='word_1_459' title='bbox 375 2663 611 2699; x_wconf 66' lang='lat' dir='ltr'><strong>‹m‹·rori1&#39;12tl‚</strong></span> <span class='ocrx_word' id='word_1_460' title='bbox 640 2660 813 2694; x_wconf 82' lang='lat' dir='ltr'><strong>consilio.</strong></span> <span class='ocrx_word' id='word_1_461' title='bbox 853 2679 894 2685; x_wconf 89' lang='lat'><strong>——</strong></span> <span class='ocrx_word' id='word_1_462' title='bbox 931 2663 1048 2695; x_wconf 70' lang='lat' dir='ltr'><strong>aberit</strong></span> <span class='ocrx_word' id='word_1_463' title='bbox 1072 2663 1203 2696; x_wconf 86' lang='lat' dir='ltr'><strong>Roma.</strong></span> <span class='ocrx_word' id='word_1_464' title='bbox 1255 2664 1363 2696; x_wconf 84' lang='lat' dir='ltr'><strong>Denn</strong></span> <span class='ocrx_word' id='word_1_465' title='bbox 1390 2675 1431 2697; x_wconf 83' lang='lat' dir='ltr'><strong>er</strong></span> <span class='ocrx_word' id='word_1_466' title='bbox 1456 2676 1538 2697; x_wconf 79' lang='lat' dir='ltr'><strong>war</strong></span> 
     </span>
    </p>
   </div>
   <div class='ocr_carea' id='block_1_4' title="bbox 64 2698 1534 2755">
    <p class='ocr_par' dir='ltr' id='par_1_11' title="bbox 64 2698 1534 2755">
     <span class='ocr_line' id='line_1_51' title="bbox 64 2698 1534 2755; baseline 0.005 -19"><span class='ocrx_word' id='word_1_467' title='bbox 64 2703 140 2736; x_wconf 76' lang='lat' dir='ltr'><strong>‘im</strong></span> <span class='ocrx_word' id='word_1_468' title='bbox 170 2698 321 2753; x_wconf 59' lang='lat' dir='ltr'><strong>Begriff</strong></span> <span class='ocrx_word' id='word_1_469' title='bbox 344 2707 439 2739; x_wconf 60' lang='lat' dir='ltr'><strong>nach</strong></span> <span class='ocrx_word' id='word_1_470' title='bbox 469 2706 639 2751; x_wconf 71' lang='lat' dir='ltr'><strong>Spanion</strong></span> <span class='ocrx_word' id='word_1_471' title='bbox 674 2719 796 2755; x_wconf 72' lang='lat' dir='ltr'><strong>gog-en</strong></span> <span class='ocrx_word' id='word_1_472' title='bbox 831 2707 893 2740; x_wconf 81' lang='lat' dir='ltr'><strong>die</strong></span> <span class='ocrx_word' id='word_1_473' title='bbox 919 2709 1046 2743; x_wconf 78' lang='lat' dir='ltr'><strong>S&#39;ohne</strong></span> <span class='ocrx_word' id='word_1_474' title='bbox 1079 2711 1141 2744; x_wconf 83' lang='lat' dir='ltr'><strong>des</strong></span> <span class='ocrx_word' id='word_1_475' title='bbox 1169 2711 1370 2754; x_wconf 78' lang='lat' dir='ltr'><strong>Pompeius</strong></span> <span class='ocrx_word' id='word_1_476' title='bbox 1403 2724 1534 2744; x_wconf 82' lang='lat' dir='ltr'><strong>auszu-</strong></span> 
     </span>
    </p>
   </div>
   <div class='ocr_carea' id='block_1_5' title="bbox 7 0 41 3081">
    <p class='ocr_par' dir='ltr' id='par_1_12' title="bbox 7 0 41 3081">
     <span class='ocr_line' id='line_1_52' title="bbox 7 0 41 3081; baseline 0 0"><span class='ocrx_word' id='word_1_477' title='bbox 7 0 41 3081; x_wconf 95' lang='lat' dir='ltr'><strong> </strong></span> 
     </span>
    </p>
   </div>
  </div>
 </body>
</html>
