1795 3081
216 67 312 114 198
496 61 562 109 Μ.
599 61 651 109 Τ.
687 58 1030 112 CICERONIS
1065 57 1453 110 EPISTOLAE.

211 182 371 225 Aviani
397 187 570 227 secutus
599 187 680 231 est,
710 179 827 233 quod
846 180 1024 220 homine
1042 179 1166 219 nullo
1189 180 1287 234 plus
1309 185 1374 220 est
1393 192 1513 231 usus,
1543 193 1675 235 quam

215 239 371 280 Flacco
396 237 582 287 Aviano‚
613 249 726 286 meo,
757 233 1120 288 quemadmodum
1151 241 1193 274 te
1223 236 1338 276 scire
1367 235 1579 285 arbitror,
1610 237 1654 274 fa

213 293 527 333 miliarissimo.
611 291 732 344 Quae
771 303 849 346 ego
899 292 1045 329 omnia
1089 290 1262 336 collewi,
1307 295 1357 328 ut
1400 290 1676 346 intelligeres

174 347 301 388 2non
340 347 569 400 vulgarem
613 360 703 387 esse
747 344 1171 385 commendationem
1222 357 1320 384 iane
1358 357 1512 385 meam.
1569 346 1674 384 Peto

216 404 358 458 igitur
388 402 463 444 abs
493 407 552 451 te,
592 408 642 443 ut
681 401 883 439 omnibus
915 400 1058 447 rebus,
1103 399 1219 452 quod
1249 401 1342 438 sine
1371 400 1571 439 molestia
1599 406 1676 439 tua

215 460 363 498 facere
393 456 545 509 possis,
576 458 617 496 ei
648 454 897 494 commodes
927 455 1172 507 habeasque
1202 456 1246 492 in
1285 467 1468 493 numero
1499 461 1678 496 tuorum

215 513 521 567 perficiasque,
563 517 613 550 ut
658 510 884 553 intellioeat
927 509 1003 548 has
1043 510 1195 549 literas
1235 521 1352 548 meas
1395 522 1553 565 magno
1591 510 1676 550 sibi

216 568 315 609 usui
345 567 491 607 fuisse.
550 567 647 608 Erit
675 564 720 606 id
751 541 859 604 milli
889 565 1102 605 maiorem
1132 566 1178 605 in
1207 563 1385 605 modum
1414 571 1600 622 gratum.

410 762 728 814 EPISTOLA
763 763 899 813 DlV.
953 762 1036 822 (ad
1070 764 1184 812 Div.
1220 762 1355 812 XIII.
1390 764 1489 823 36.)

535 852 617 887 Sor.
645 852 786 886 Romae
812 851 853 886 Α
882 852 926 887 U.
955 851 993 887 G.
1020 854 1100 888 708.
1133 853 1183 894 (a.
1213 852 1253 887 c.
1280 854 1355 895 46.)

266 924 505 961 Demetrium
539 925 687 973 Megam
722 922 762 957 in
800 923 904 1003 iured
922 922 1092 957 civitatis
1130 924 1343 970 ceterisque
1378 922 1487 957 rebus
1526 933 1629 957 com-

789 982 876 1006 men
907 975 953 1005 at.
1003 973 1106 1007 1—2.

601 1052 780 1093 CICERO
816 1052 983 1088 ACILIO
1023 1052 1211 1088 PROCOS.
1249 1051 1284 1088 S.

332 1124 442 1166 Cum
478 1124 706 1165 Demetrio
737 1124 870 1184 Mega
908 1126 1017 1165 mihi
1061 1131 1279 1168 vetustum
1320 1125 1558 1179 hospitium
1598 1132 1675 1172 est,

209 1181 501 1223 ⁴familiaritas
537 1186 682 1220 autem
718 1186 855 1230 tanta,
896 1187 1055 1232 quanta
1100 1194 1198 1225 cum
1241 1179 1392 1218 Siculo
1431 1181 1569 1222 nullo.
1626 1182 1677 1222 Ei

221 1236 452 1276 Dolabella
494 1242 654 1292 rogatu
699 1248 795 1275 meo
839 1237 1063 1279 civitatem
1100 1248 1125 1275 a
1165 1235 1349 1275 Caesare
1390 1236 1675 1288 impetravit:

221 1304 305 1343 qua
335 1293 381 1332 in
413 1304 462 1329 re
492 1303 572 1345 ego
603 1291 799 1329 interfui.
869 1290 1021 1343 Itaque
1059 1303 1173 1329 nunc
1209 1290 1252 1331 P.
1285 1289 1517 1329 Cornelius
1544 1303 1677 1331 voca-

220 1353 307 1386 tur.
366 1345 594 1397 Quumque
623 1351 808 1397 propter
848 1345 1059 1397 quosdam
1097 1343 1299 1384 sordidos
1325 1344 1554 1396 'homines,
1599 1347 1677 1399 qui

221 1402 421 1442 Caesaris
452 1400 662 1438 beneficia
690 1398 951 1450 vendebant,
981 1400 1189 1449 tabulam,
1221 1401 1266 1438 in
1296 1412 1381 1451 qua
1410 1402 1585 1439 nomina
1615 1403 1676 1441 ci-

216 1457 356 1497 vitate
397 1454 661 1494 donatorum
705 1455 843 1494 incisa
888 1461 1043 1505 essent,
1082 1454 1242 1494 revelli
1285 1455 1494 1507 iussisset,
1534 1454 1676 1497 eidem

221 1510 494 1560 Dolabellae,
523 1523 592 1550 me
622 1508 842 1560 audiente,
875 1510 1035 1550 Caesar
1061 1509 1173 1557 dixit
1201 1509 1313 1553 nihil
1345 1522 1450 1559 esse,
1480 1509 1596 1562 quod
1620 1510 1675 1551 de

177 1565 350 1621 ZMega
385 1570 646 1613 vereretur3
685 1564 945 1606 beneficium
981 1579 1107 1608 suum
1144 1565 1189 1603 in
1231 1576 1281 1603 eo
1326 1577 1517 1605 manere.
1575 1565 1677 1612 Hoc

218 1627 261 1660 te
298 1621 414 1662 scire
451 1620 591 1671 volui,
627 1625 677 1661 ut
712 1632 811 1661 eum
849 1621 894 1659 in
944 1622 1108 1665 civium
1148 1619 1447 1658 Romanorum
1490 1633 1675 1660 numero

216 1734 353 1769 Caesar
377 1733 663 1782 Transpadanos
689 1744 833 1774 omnes,
859 1738 901 1766 ut
926 1733 978 1767 ait
1004 1733 1091 1773 Dio,
1118 1733 1273 1768 civitate
1299 1733 1464 1769 donavit.
1491 1734 1673 1770 MANUT.

216 1783 491 1819 Novocomum‚
527 1781 619 1825 ietzt
646 1782 775 1823 Como¹
807 1792 891 1814 war
925 1782 1008 1817 eine
1035 1781 1074 1814 in
1097 1781 1227 1816 C'a'sars
1251 1781 1480 1815 besonderer
1505 1781 1672 1817 Clientel

215 1829 396 1864 ztehende
426 1829 682 1864 Coloniestadt
708 1829 762 1863 im
790 1829 914 1862 Gallia
941 1829 1142 1873 Cisalpina.
1177 1848 1225 1854 --
1257 1835 1397 1863 secutus
1435 1835 1500 1868 est,
1538 1829 1603 1865 hat
1630 1841 1673 1864 el·

214 1888 505 1923 angenoinmen.
532 1895 578 1901 —
605 1882 657 1910 est
683 1890 767 1911 usus
794 1882 876 1924 sagt
902 1887 956 1917 er,
983 1877 1073 1917 weil
1099 1877 1263 1912 Avianus
1282 1877 1440 1911 Flaccus
1467 1877 1672 1924 gestorben

212 1936 306 1957 war.
359 1924 467 1960 Nach
493 1924 720 1960 R‘dmischer
744 1924 840 1960 Sitte
873 1924 979 1964 h'zitte
1015 1924 1125 1959 iener
1152 1924 1317 1958 Grieche
1353 1925 1425 1958 den
1451 1925 1596 1958 Namen
1622 1926 1669 1960 M.

211 1973 363 2007 Tullius
402 1972 617 2007 annehmen
652 1965 813 2013 inusseri,
850 1972 945 2005 weil
980 1983 1023 2006 er
1056 1971 1178 2005 durch
1206 1973 1368 2006 Cicero’s
1396 1972 1672 2021 Verwendung

212 2019 276 2052 das
302 2019 504 2057 Rtimische
530 2019 793 2068 Biirgerrecht
829 2020 1003 2054 erhalten
1038 2019 1154 2057 hatte.
1208 2020 1274 2054 Cn.
1303 2020 1470 2053 Avianus
1497 2020 1670 2061 Flaccus,

210 2068 414 2103 familiaris
442 2067 652 2110 Ciceronis,
680 2068 908 2116 negotiator,
938 2067 1042 2102 Titio
1069 2068 1125 2101 rei
1150 2068 1425 2102 frumentariae
1452 2068 1668 2112 praeposito

212 2115 503 2153 commendatur
528 2115 574 2147 ad
600 2116 735 2150 Famil.
763 2116 867 2156 XIII,
894 2118 940 2151 79
965 2114 1019 2156 (h.
1048 2115 1104 2149 ed.
1126 2118 1249 2155 1436.);
1278 2116 1358 2148 eius
1384 2114 1460 2149 filii
1487 2116 1525 2150 C.
1554 2121 1591 2150 et
1618 2117 1666 2151 M.

210 2168 293 2206 post
319 2167 484 2200 mortem
510 2163 628 2207 patris
657 2164 812 2209 Allieno
842 2163 1172 2198 commendantur.
1199 2162 1422 2199 ERNESTJ.

302 2223 337 2257 2.
388 2223 484 2268 quod
505 2232 553 2254 :z
579 2222 784 2259 insosernc.
811 2242 856 2248 --
882 2223 1079 2268 habeasque
1106 2234 1205 2259 eum.

304 2296 323 2327 1
344 2295 431 2330 -2.
482 2295 686 2332 Dolabella,
725 2295 890 2328 Cicero's
916 2293 1156 2340 vormaliger
1180 2293 1514 2341 Schwiegersohn.
1547 2312 1595 2320 -—-
1629 2295 1663 2330 P,

209 2341 395 2375 Cornelius
422 2345 610 2386 assumpto
636 2343 885 2391 praenomine
919 2347 956 2379 et
982 2342 1134 2381 nomine
1162 2342 1394 2379 Dolabellae,
1429 2341 1537 2375 cuius
1564 2344 1665 2376 bene-

199 2389 288 2431 ficio
314 2388 338 2422 i.
367 2399 397 2423 e.
426 2388 756 2424 commendatione
783 2391 978 2424 civitatem
1005 2389 1288 2434 impetraverat.
1315 2389 1496 2424 MANUT.
1530 2408 1578 2416 -
1609 2403 1666 2424 re-

203 2438 289 2469 relli
324 2438 493 2470 iussisset.
548 2436 728 2471 Tabulam
763 2449 917 2471 aeneam
965 2438 1005 2469 in
1035 2437 1192 2482 publico
1226 2437 1339 2470 fixam
1379 2437 1519 2472 revelli
1553 2438 1663 2472 iussit

208 2484 355 2527 Caesar,
382 2483 563 2527 quoniam
590 2484 838 2527 intellexerat
864 2485 905 2518 in
933 2497 974 2519 ea
1010 2484 1129 2521 incisa
1157 2495 1234 2518 esse
1260 2485 1412 2518 nomina
1437 2485 1661 2526 multorum,

205 2532 340 2574 quibus
375 2530 523 2576 sordidi
560 2531 710 2575 quidam
755 2532 931 2567 homines
974 2537 1012 2566 et
1048 2532 1157 2565 luoro
1195 2531 1389 2566 inhiantes
1430 2532 1661 2567 beneficium

208 2578 311 2611 istud
337 2578 504 2611 civitatis
531 2589 551 2612 a
578 2579 735 2612 Caesare
761 2580 1007 2624 impetratum
1027 2579 1296 2614 vendidissent.
1317 2581 1418 2614 SCH.
1437 2599 1484 2606 —-
1503 2581 1602 2613 de:
1617 2579 1659 2614 in

206 2625 397 2659 Hinsicht.
424 2644 471 2652 --
495 2632 677 2660 verer-etut-
701 2627 914 2669 Dolabella,
950 2639 993 2662 er
1024 2627 1137 2661 sollte
1162 2627 1456 2663 unbekiimmert
1490 2627 1584 2662 sein.
1612 2646 1660 2653 --

205 2676 244 2706 ἐκ
270 2685 310 2707 eo
336 2685 481 2708 manere
507 2673 533 2709 i.
561 2683 593 2709 e.
616 2675 790 2720 quamvis
816 2675 941 2710 tabula
966 2676 1035 2710 ista
1060 2675 1160 2710 iussu
1186 2685 1251 2710 suo
1279 2681 1374 2711 esset
1390 2675 1553 2716 revulsa,
1581 2686 1658 2710 non
