1795 3081
242 111 336 157 418
504 106 568 153 M.
604 106 656 152 T.
695 103 1031 152 CICERONIS
1067 106 1445 155 EPISTOLAE.

328 203 354 212 ”
436 224 755 275 EPISTOLA
790 224 983 272 DCXL.
1026 223 1107 283 (ad
1143 225 1262 281 Div,
1293 227 1373 276 VJ.
1411 230 1508 286 11.)

501 314 583 349 Ser.
611 313 723 347 initio
751 312 849 357 Sept.
875 313 918 347 A.
948 313 993 347 u.
1026 313 1067 347 o.
1095 315 1175 349 709.
1217 313 1263 355 (a.
1289 312 1330 350 c,
1358 315 1436 357 45.)

240 386 466 422 Gratulatur
491 386 536 419 de
562 384 816 427 restitutione,
855 395 968 429 quam
995 383 1214 418 Dolabellae
1250 385 1437 420 beneficio
1472 387 1548 431 ipsi
1581 387 1701 431 impe-

286 439 471 475 traverat,
507 434 781 476 hortaturque,
819 437 1005 514 ιέἱΐῖἳᾳαὶ)
1032 432 1161 515 εῐιῖἰιηο
1197 433 1381 466 iacturam
1409 436 1654 469 fortunarum

611 555 657 586 M.
700 551 876 586 CICERO
916 551 951 585 S.
988 552 1033 585 D.
1068 551 1331 586 TREBIANO.

346 627 617 668 Dolabellam
667 631 792 664 antea
830 623 1126 664 tantummodo
1173 623 1432 680 diligebam:
1483 626 1701 682 obligatus

238 685 278 724 ei
316 682 424 722 nihil
467 695 587 731 eram
626 702 678 710 ·-·
713 693 792 719 nec
830 682 944 719 enim
984 679 1207 719 acciderat
1242 681 1351 719 mihi
1387 694 1496 734 opus
1527 695 1620 721 esse
1651 703 1700 710 —

237 745 280 777 et
317 740 389 778 ille
424 737 529 776 mihi
567 734 758 775 debebat.
804 734 920 788 quod
956 748 1041 773 non
1081 733 1301 774 defueram
1345 737 1438 775 eius
1476 737 1699 789 periculis.

237 794 364 832 Nunc
393 799 511 832 tanto
551 804 646 830 sum
685 789 911 829 devinctus
949 792 1045 829 eius
1087 790 1316 839 beneficio,
1358 790 1475 843 quod
1506 797 1549 830 et
1577 798 1699 831 antea

237 850 284 888 in
314 862 363 888 re
393 855 436 887 et
475 848 557 886 hoc
594 853 791 898 tempore
833 847 880 883 in
920 846 1057 883 salute
1096 850 1171 883 tua
1210 846 1551 884 cumulatissime
1590 847 1700 884 mihi

235 904 455 947 satisfecit,
487 908 535 940 ut
565 902 728 940 nemini
759 902 854 953 plus
886 898 1076 938 debeam.
1138 899 1231 951 Qua
1271 902 1316 938 in
1355 913 1403 938 re
1442 902 1522 939 tibi
1553 907 1700 953 gratu-

236 960 303 998 lor
334 960 394 997 ita
423 957 720 1005 vehementer,
769 964 819 994 ut
855 961 898 993 te
939 967 1110 1007 quoque
1149 953 1258 993 mihi
1297 956 1528 1010 gratulari,
1569 970 1699 1008 quam

234 1015 396 1068 gratias
426 1024 554 1064 agere
583 1011 755 1048 malim:
793 1011 978 1048 altorum
1008 1010 1187 1048 omnino
1218 1023 1302 1048 non
1332 1008 1542 1056 desidero,
1589 1012 1698 1050 alte-

192 1073 332 1111 21*um
376 1081 479 1108 vere
519 1067 662 1105 facere
702 1066 879 1115 poteris.
940 1063 1068 1117 Quod
1105 1066 1322 1117 reliquum
1366 1070 1443 1113 est,
1493 1067 1695 1118 quoniam

233 1124 315 1162 tibi
343 1125 488 1163 virtus
520 1127 562 1160 et
591 1120 780 1174 dignitas
818 1127 892 1158 tua
930 1117 1122 1158 reditum
1165 1120 1220 1158 ad
1259 1126 1356 1159 tuos
1397 1122 1586 1173 aperuit,
1632 1127 1696 1159 est

231 1184 330 1217 tuae
361 1178 599 1229 sapientiae
619 1174 1021 1230 magnitudinisque
1043 1176 1193 1222 animi,
1226 1175 1331 1227 quid
1360 1177 1558 1214 amiseris
1588 1176 1697 1214 obli-

231 1234 364 1281 visci3
408 1230 512 1284 quid
551 1232 814 1283 reciperaris
853 1231 1059 1283 cogitare.
1118 1230 1255 1268 Vives
1298 1243 1397 1269 cum
1429 1231 1531 1279 tuis,
1573 1232 1695 1270 vives

232 1289 479 1327 nobiscum:
528 1287 625 1338 plus
662 1286 888 1338 acquisisti
930 1284 1182 1338 dignitatis,
1237 1298 1364 1337 quam
1405 1286 1588 1324 amisisti
1630 1287 1695 1324 rei

230 1344 483 1383 familiaris:
524 1354 633 1392 quae
662 1342 754 1393 ipsa
784 1345 874 1378 turn
913 1345 1023 1378 esset
1051 1337 1302 1388 iucundior,
1342 1341 1380 1378 si
1409 1340 1500 1378 ulla
1530 1354 1600 1379 res
1630 1353 1694 1379 es-

232 1404 295 1438 set
336 1397 522 1451 publica.
570 1395 818 1443 Vestorius,
859 1400 1006 1433 noster
1039 1395 1283 1439 familiaris,
1324 1392 1376 1433 ad
1413 1407 1481 1434 nie
1517 1397 1695 1448 scripsit

231 1459 274 1492 te
317 1453 427 1491 mihi
464 1453 675 1490 maximas
713 1452 873 1503 gratias
918 1461 1058 1503 agere.
1137 1449 1259 1488 Ilaec
1307 1448 1575 1502 praedicatio
1619 1456 1694 1489 tua

230 1508 339 1547 mihi
377 1506 500 1546 valde
538 1511 660 1560 grata
703 1511 766 1544 est
804 1517 939 1557 eaque
983 1511 1027 1543 te
1069 1507 1135 1543 uti
1180 1505 1306 1543 facile
1351 1506 1509 1557 patior,
1561 1517 1693 1558 quum

231 1563 349 1616 apud
379 1563 502 1611 alios,
532 1568 626 1600 tum
655 1560 907 1599 mehercule
936 1557 1051 1612 apud
1080 1558 1307 1610 Syronem,
1349 1566 1550 1599 nostrum
1587 1562 1693 1598 ami-

230 1632 341 1657 cum.
400 1617 519 1668 Quae
550 1617 665 1654 enini
691 1616 886 1660 facimus,
920 1628 969 1653 ea
999 1614 1338 1667 prudentissimo
1369 1616 1528 1666 cuique
1556 1617 1692 1653 maxi-

230 1686 297 1712 me
326 1673 510 1726 probata
538 1684 629 1711 csse
658 1672 871 1709 volumus.
930 1669 995 1709 Te
1014 1671 1143 1723 cupio
1158 1669 1310 1709 videre
1334 1682 1460 1722 quam
1484 1671 1689 1722 primum.

324 1784 581 1819 TREBIANO.
632 1783 666 1818 S.
701 1796 747 1815 zu
783 1795 839 1827 ep.
869 1784 937 1818 527
972 1782 1025 1815 im
1052 1782 1140 1815 Anf.
1193 1782 1362 1815 Trebatio
1391 1782 1489 1815 Crat.
1526 1784 1566 1817 L.
1598 1777 1691 1816 ‘Tor-

229 1838 338 1879 quato
364 1833 585 1879 Mart.-Lag.
616 1832 691 1866 ΟΒ.
729 1832 884 1864 Letztcr
909 1841 989 1863 war
1016 1827 1151 1862 icdoch
1178 1829 1296 1862 sehon
1324 1831 1377 1862 im
1405 1829 1690 1876 Biirgerkriogge

228 1881 536 1929 umgckommen.
572 1878 607 1911 S.
635 1879 737 1912 Brut.
766 1891 795 1911 c.
824 1881 878 1913 75.
920 1878 1022 1911 Aber
1047 1889 1092 1909 an
1120 1877 1164 1911 A.
1191 1877 1417 1920 Torquatus,
1446 1870 1519 1909 den
1541 1871 1689 1910 Brudbr

228 1929 291 1962 (les
317 1930 358 1961 L.
385 1928 608 1972 Torquatus,
635 1927 779 1958 konnto,
806 1926 931 1959 dieser
948 1925 1054 1958 Brief
1076 1936 1211 1971 wegen
1239 1937 1295 1968 ep.
1325 1927 1408 1967 628,
1434 1927 1466 1958 2.
1496 1926 1570 1957 und
1598 1927 1687 1959 weil

226 1977 314 2009 hier
345 1976 413 2009 der
438 1974 696 2019 Epikurische
735 1972 941 2017 l'hilosoph
971 1973 1081 2017 Syro,
1121 1973 1183 2005 eiu
1215 1973 1369 2005 Freund
1405 1973 1468 2006 des
1506 1974 1547 2006 L.
1588 1974 1686 2006 nach

228 2024 272 2057 de
299 2023 510 2057 Finibb.11.
540 2034 570 2055 c.
598 2022 736 2063 ultim„
764 2021 938 2055 erw'ahnt
962 2020 1075 2057 wir-(l,
1101 2020 1305 2053 viellcicht
1325 2020 1572 2068 geschriebcn
1594 2022 1686 2055 sein.

323 2096 426 2129 1—2.
456 2106 543 2139 opus
555 2106 636 2134 esse,
657 2093 754 2126 deun
774 2092 836 2126 ich
853 2093 958 2126 hatte
977 2091 1081 2126 mich
1102 2092 1165 2124 nie
1187 2092 1229 2123 in
1247 2092 1331 2125 (lem
1352 2092 1459 2125 Falle
1482 2092 1685 2133 besundcn,

227 2142 355 2176 seiner
374 2155 419 2174 zu
435 2142 630 2175 bediirfen.
643 2160 688 2165 ———
702 2145 825 2184 peria,
842 2142 1054 2174 Processen.
1071 2159 1110 2165 —
1131 2143 1168 2172 in
1185 2152 1232 2176 νε,
1250 2139 1309 2172 bei
1328 2139 1684 2185 dcheschiitzung‚

228 2191 291 2222 fiir
312 2190 372 2222 die
393 2190 563 2236 Rettung
580 2190 718 2222 Deincs
738 2190 981 2236 Vei-intigens.
1009 2188 1045 2222 S.
1075 2199 1130 2231 ep.
1159 2189 1241 2227 527,
1272 2191 1302 2220 1.
1330 2205 1375 2211 —
1401 2190 1440 2220 in
1465 2189 1581 2221 salute
1606 2186 1684 2227 tabl,

230 2238 287 2271 bei
332 2237 399 2270 der
434 2237 712 2283 Bcffirderung,
761 2237 1001 2283 Erwirkung
1037 2235 1181 2269 Deinel·
1227 2235 1589 2281 Zuriickberufung.
1637 2254 1684 2260 -

227 2289 408 2330 quoniam,
432 2284 506 2318 wie
539 2296 594 2328 ep.
623 2286 705 2325 553,
736 2287 769 2318 ll.
807 2303 852 2308 —
885 2288 966 2329 ipsa
999 2289 1091 2324 tum,
1126 2284 1230 2318 Crat.
1267 2288 1387 2316 tamen
1422 2286 1516 2327 ipsa.
1554 2283 1681 2316 Lamb.

227 2337 307 2375 ipsa
334 2338 463 2366 tamen.
503 2332 611 2364 Haud
646 2332 835 2376 displicet.
874 2334 947 2366 ΟΒ.
980 2351 1026 2355 -
1074 2332 1268 2369 Vestorius,
1295 2331 1363 2363 der
1387 2331 1581 2374 Banquier
1606 2341 1681 2364 von

231 2381 388 2413 Puteoli.
423 2379 456 2412 S.
485 2391 540 2423 cp.
569 2382 650 2419 037,
677 2382 710 2413 2.
739 2399 782 2404 —
813 2382 916 2423 prud.
944 2383 1011 2413 cui.
1039 2391 1085 2412 m.
1112 2379 1212 2424 prob.
1250 2378 1284 2411 S.
1314 2378 1464 2411 Ramsh.
1494 2379 1619 2420 §.156‚
1647 2382 1680 2420 1,

231 2429 261 2460 b.
301 2428 447 2460 Grotef.
473 2429 499 2469 ς’.
527 2430 608 2467 279,
635 2429 668 2462 2.
719 2428 837 2461 Aulus
869 2429 1082 2471 Torquatus
1119 2437 1200 2460 war·
1230 2427 1298 2461 702
1331 2427 1461 2459 Pr'fitor
1494 2437 1682 2473 geweseny

229 2476 332 2508 hatte
360 2474 529 2508 nachhcr
555 2475 634 2508 sein
660 2486 734 2508 von
762 2475 873 2508 C'aisar
907 2475 1139 2508 confiscirtes
1166 2474 1382 2518 Vcrmogon
1418 2474 1488 2505 mit
1514 2484 1682 2519 grossem

229 2524 405 2556 'v‘crlust‘e
432 2522 722 2555 wiedcrkauscn
749 2526 910 2563 musaeu,
936 2534 1016 2556 war
1043 2522 1179 2555 iedoch
1197 2521 1353 2554 endlich
1375 2520 1580 2567 begnadigt
1606 2521 1680 2553 und

230 2570 372 2603 wieder
400 2571 438 2602 in
473 2570 545 2603 den
572 2570 677 2617 Rang
715 2571 815 2603 eines
843 2572 1033 2603 Pratorius
1069 2570 1284 2617 cing-esent.
1336 2568 1448 2601 Dicse
1476 2568 1678 2602 Umsliiude

230 2619 350 2651 lasseu
377 2617 457 2650 sich
484 2618 523 2650 in
550 2617 689 2651 diesem
717 2618 840 2651 Briese
871 2618 959 2652 sehr
985 2623 1053 2665 gut
1079 2618 1225 2652 wieder
1251 2616 1393 2649 finden.
