1795 3081
207 46 306 96 310
471 41 541 91 M.
577 40 633 88 Τ.
669 36 1014 87 CICERONIS
1049 37 1434 88 EPfflTOLAE.

208 165 387 206 vellem:
427 166 646 210 vetustas,
689 170 831 208 amor,
875 158 1168 210 consuetudo,
1198 157 1345 200 studia
1372 159 1519 214 paria;
1565 158 1680 215 quod

209 220 407 261 vinclum
445 219 569 272 quasi
608 214 728 256 deest
767 220 945 254 nostrae
989 216 1349 255 coniunctionis?
1389 215 1680 256 Possumusne

212 276 354 331 igitur
383 287 474 314 esse
503 274 621 313 una?
654 270 749 310 Nec
777 269 1029 310 mehercule
1060 271 1279 325 intelligo,
1311 270 1420 324 quid
1448 268 1678 324 impediat:

214 329 290 370 sed
319 335 440 369 certe
469 327 610 368 adhuc
642 339 731 366 non
757 326 939 372 fuimus,
971 339 1107 379 quum
1131 339 1324 366 essemus
1344 327 1485 366 vicini
1504 328 1551 365 in
1567 325 1683 365 Tus-

215 385 402 434 culano,
442 385 489 423 in
519 384 776 423 Puteolano:
807 393 908 420 nam
937 380 1043 433 quid
1074 380 1218 420 dicam
1248 383 1294 420 in
1323 381 1466 421 urbe?
1505 382 1552 420 in
1582 394 1681 434 qua,

173 444 199 486 3
218 454 354 494 quum
383 441 531 480 forum
560 449 790 479 commune
819 438 887 481 sit,
918 437 1123 477 vicinitas
1152 449 1239 476 non
1269 438 1533 490 requiritur.
1594 435 1684 478 Sed

213 509 320 536 casu
349 497 496 536 nescio
526 507 610 548 quo
642 495 690 532 in
732 505 781 531 ea
815 498 1014 545 tempora
1049 490 1202 532 nostra
1238 499 1356 531 aetas
1395 491 1574 544 incidit,
1617 497 1681 538 ut,

214 563 349 605 quum
386 552 574 590 maxime
615 551 780 588 florere
809 560 885 586 nos
925 544 1170 600 opor‘t‘efflt,
1215 554 1314 588 tum
1352 548 1511 588 vivere
1550 548 1684 588 etiam

213 606 416 661 puderet.
448 604 577 658 Quod
606 605 723 643 enim
751 616 844 642 esse
872 603 1184 656 poteratmihi
1213 604 1469 658 perfugium
1499 603 1683 656 spoliato

214 667 259 702 et
288 661 542 702 domesticis
572 666 615 700 et
643 659 888 698 forensibus
917 660 1187 698 ornamentis
1215 664 1347 712 atque
1376 659 1572 699 solatiis?
1604 658 1685 697 Li-

215 723 353 767 torae,
385 716 531 767 credo,
563 715 724 770 quibus
752 719 857 752 utor
885 712 1080 753 assidue:
1112 712 1220 767 quid
1250 715 1366 753 enim
1395 713 1516 753 aliud
1538 715 1685 753 facere

216 775 427 826 possum?
474 769 562 811 Sed
591 771 740 810 nescio
772 766 987 821 quomodo
1017 769 1137 822 ipsae
1166 768 1270 809 illae
1300 769 1533 809 excludere
1561 782 1631 809 me
1659 780 1686 807 a

214 833 350 882 portu
380 833 424 867 et
453 826 659 881 perfugio
688 823 899 864 videntur
928 830 971 863 et
999 826 1125 877 quasi
1162 825 1454 877 exprobrare,
1485 821 1601 878 quod
1638 825 1685 863 in

217 897 269 923 ea
298 885 396 923 vita
424 896 637 931 maneam,
666 882 712 919 in
744 892 830 932 qua
859 879 971 918 nihil
1000 881 1110 918 insit
1140 881 1225 918 nisi
1247 881 1508 934 propagatio
1533 881 1685 919 miser-

217 939 329 978 rimi
358 940 585 992 temporis.
652 936 741 974 Hic
779 941 828 974 tu
868 948 918 974 ea
952 947 1022 973 me
1057 934 1209 974 abesse
1245 936 1354 974 urbe
1396 936 1601 984 miraris,
1639 935 1686 973 in

218 1007 303 1047 qua
334 992 491 1033 domus
522 994 634 1032 nihil
664 991 880 1030 delectare
903 990 1052 1043 possit,
1082 1002 1298 1029 summum
1324 992 1382 1030 sit
1405 989 1554 1029 odium
1578 995 1687 1029 tem-

217 1062 378 1103 porum
407 1048 653 1098 hominum,
683 1046 771 1085 fori
802 1048 978 1085 curiae?
1026 1046 1176 1098 ltaque
1206 1047 1270 1085 sic
1300 1046 1438 1085 literis
1467 1051 1595 1094 utor,
1639 1046 1686 1083 in

218 1105 378 1158 quibus
417 1117 625 1143 consumo
662 1114 791 1141 omne
826 1107 1019 1155 tempus,
1061 1114 1147 1139 non
1181 1107 1232 1140 ut
1260 1100 1313 1140 ab
1342 1102 1397 1140 iis
1425 1099 1687 1140 medicinam

215 1165 497 1213 perpetuam.
547 1157 623 1199 sed
664 1163 714 1196 ut
756 1158 956 1212 exiguam
998 1156 1272 1197 oblivionem
1320 1155 1482 1196 doloris
1523 1161 1685 1210 petam.

217 1214 347 1268 Quod
375 1216 413 1255 si
443 1213 489 1254 id
519 1216 757 1270 egissemus
789 1224 867 1266 ego
896 1218 1027 1263 atque
1056 1217 1127 1258 tn,
1171 1209 1286 1264 quod
1319 1225 1373 1252 ne
1415 1213 1464 1251 in
1498 1218 1688 1250 mentem

175 1257 392 1324 5quidem
424 1271 549 1310 nobis
580 1268 789 1310 veniebat
818 1274 1003 1321 propter
1032 1265 1306 1320 quotidianos
1344 1272 1507 1311 metus,
1558 1277 1688 1306 omne

216 1331 390 1379 tempus
420 1338 509 1366 una
538 1326 795 1365 fuissemus:
840 1334 982 1375 neque
1015 1336 1084 1362 me
1111 1321 1316 1363 valetudo
1346 1328 1420 1361 tua
1448 1320 1689 1361 offenderet

216 1394 360 1434 neque
390 1387 433 1421 te
462 1394 639 1420 maeror
667 1392 804 1418 meus.
864 1376 992 1430 Quod
1020 1383 1232 1430 quantum
1262 1378 1363 1417 fieri
1391 1379 1558 1430 poterit
1587 1389 1688 1415 con-

218 1449 465 1489 sequamur.
527 1435 644 1488 Quid
673 1436 791 1473 enim
822 1441 887 1474 est
915 1434 1096 1487 utrique
1126 1433 1335 1473 nostrum
1364 1434 1541 1486 aptius?
1582 1431 1690 1472 Pro-

218 1491 394 1545 pediem
424 1500 468 1532 te
497 1493 636 1548 igitur
664 1488 838 1532 videbo.

218 1586 377 1617 maxime
403 1596 432 1618 υ.
463 1584 539 1617 OR.
564 1601 611 1607 -—
647 1584 754 1628 quasi
778 1591 826 1612 z
851 1587 893 1614 ut
919 1581 971 1614 ita
998 1580 1139 1613 dicam.
1186 1579 1251 1613 Sic
1279 1579 1355 1611 Md.
1383 1579 1447 1612 sed
1474 1577 1564 1613 sch.
1590 1578 1689 1613 Liin.

219 1632 319 1677 quod
340 1633 534 1672 vim-ulum,
560 1633 595 1665 si
618 1633 777 1676 quaeris,
804 1629 899 1662 deest
922 1634 1071 1662 nostrae
1096 1628 1371 1661 coniunctioni?
1396 1626 1469 1661 Sed
1485 1625 1589 1659 haud
1611 1627 1690 1659 scio

219 1687 269 1715 an
295 1691 385 1714 vere
412 1681 503 1714 Rost
530 1679 683 1724 Specim.
710 1681 744 1713 3,
773 1690 807 1722 p.
835 1679 874 1711 4.
917 1677 1013 1723 quod
1034 1679 1211 1717 vinclum,
1247 1688 1396 1721 quaeso,
1424 1676 1518 1708 duest
1543 1679 1691 1708 nostrae

218 1729 500 1762 coniunctioni?
512 1740 642 1773 quaeso
654 1733 689 1760 et
704 1729 810 1772 quusi
828 1725 972 1768 ubique
988 1725 1296 1759 confunduntur.
1314 1724 1388 1756 ΟΒ.
1400 1742 1446 1747 -·
1462 1722 1691 1757 Possumusne

218 1785 269 1809 ’Ξ
294 1787 426 1810 nonne
451 1787 665 1822 possumus.
691 1794 737 1798 ——
766 1786 836 1808 esse
863 1786 950 1814 una,
977 1784 1202 1806 zusammen
1230 1772 1356 1804 leben.
1387 1791 1428 1797 -—
1455 1784 1526 1804 non
1545 1769 1691 1814 fuimus

220 1824 306 1857 scil.
333 1836 423 1857 una.
447 1843 494 1848 —
519 1835 717 1863 commune,
746 1823 816 1856 der
843 1822 924 1861 Ort,
951 1832 1013 1855 wo
1042 1833 1132 1854 man
1160 1820 1234 1853 mit
1261 1819 1450 1854 einander
1475 1819 1578 1861 lebt3
1605 1818 1690 1852 sich

221 1872 301 1910 also
328 1884 394 1906 um
422 1871 733 1906 Nachbarschaft
760 1882 830 1917 gar
858 1868 969 1902 nicht
996 1868 1259 1902 bekiimmert.

317 1934 352 1967 3.
402 1944 511 1977 quum
536 1943 584 1965 =
611 1942 686 1975 quo
713 1937 902 1975 tempore,
929 1939 1013 1969 w03
1043 1927 1275 1976 imGegens·
1302 1938 1380 1962 von
1406 1932 1497 1970 tum,
1526 1938 1570 1961 eo
1592 1932 1691 1961 tem-

220 1991 330 2027 pore,
360 1980 414 2015 da.
442 2000 489 2005 ——
514 1981 664 2015 Literae
690 1978 916 2025 perfugium
943 1976 1046 2009 mihi
1076 1987 1154 2010 esse
1180 1980 1371 2020 poterant.
1397 1994 1442 2001 —
1482 1977 1579 2022 quib.
1607 1982 1693 2010 utor

221 2029 345 2068 assid„
372 2029 445 2064 mit
472 2029 598 2063 denen
626 2027 692 2062 ich
716 2026 824 2059 mich
846 2023 1133 2058 unaufhb'rlich
1154 2023 1403 2071 beseh'aftige.
1431 2024 1515 2064 „Er
1535 2023 1691 2058 schrieb

222 2078 263 2112 in
292 2077 438 2110 diesem
466 2077 581 2117 Iahre
608 2078 690 2110 sein
718 2074 825 2108 Buch
854 2074 900 2107 de
928 2072 1209 2114 consolatione,
1238 2071 1313 2105 den
1334 2072 1564 2109 Hortensius
1591 2083 1618 2106 s.
1647 2072 1693 2106 de

222 2124 495 2170 philosophia,
533 2125 633 2160 zwei
669 2123 825 2157 Biicher
857 2121 1205 2161 Academicorum,
1246 2131 1387 2154 wovon
1426 2120 1490 2153 das
1525 2120 1693 2154 letztere

223 2172 330 2207 noch
357 2172 585 2207 vorhanden
614 2174 675 2212 ist,
702 2173 793 2205 fimf
811 2169 966 2204 Biicher
992 2168 1037 2202 de
1050 2168 1219 2206 Finibb„
1246 2169 1354 2202 seine
1366 2167 1693 2215 Vertheidigung

225 2221 290 2254 des
317 2221 531 2255 Deiotarus.
592 2221 627 2256 S.
656 2220 701 2254 ad
729 2219 871 2252 Famil.
897 2217 967 2257 IX,
997 2219 1054 2252 12.
1079 2235 1124 2241 —
1166 2229 1349 2262 propag„
1376 2216 1695 2264 Verl'aingerung.

223 2268 312 2316 Vgl.
340 2279 397 2313 ep.
427 2270 509 2304 576.

322 2321 354 2352 [4.
406 2316 487 2357 Hie,
515 2323 632 2350 unter
659 2317 790 2350 diesen
819 2314 1068 2349 Umsi'a'nden.
1097 2331 1142 2337 -—
1183 2317 1220 2347 in
1247 2324 1319 2358 qua
1345 2321 1395 2342 ‘z‘
1420 2323 1539 2356 quum
1568 2311 1610 2344 in
1638 2323 1693 2346 ea.

224 2384 273 2391 -—
307 2367 443 2399 domus.
496 2365 554 2397 Er
587 2366 722 2399 wolltn
763 2362 845 2396 sich
873 2373 949 2395 von
990 2362 1059 2395 der
1085 2361 1254 2394 Publilia
1295 2360 1447 2394 wieder
1485 2359 1693 2399 scheiden3

225 2414 358 2448 Tullia
386 2424 468 2446 war
494 2413 587 2446 todt.
649 2414 741 2459 Vgl.
771 2423 828 2456 ep.
858 2411 934 2445 DL.
962 2409 1111 2449 DLXV‚
1137 2412 1171 2444 2.
1205 2429 1251 2434 -
1289 2410 1334 2442 ab
1362 2412 1418 2442 iis.
1470 2407 1535 2441 Sic
1561 2409 1695 2443 Mart,-

228 2463 317 2509 Lag.
344 2461 435 2495 Sch.
485 2463 530 2494 ab
556 2462 612 2494 his
638 2461 714 2494 Md.
738 2462 836 2494 Cett.
868 2460 941 2493 ΟΒ.
958 2476 1004 2482 -
1030 2460 1153 2492 medic.
1177 2462 1333 2506 perpet„
1359 2455 1601 2504 griindliche
1621 2455 1696 2489 Ge-

227 2521 392 2544 DGSUUU'.

325 2541 377 2592 5?
409 2562 535 2591 metus.
587 2556 684 2591 Lall.
712 2569 732 2590 e
759 2556 851 2591 cdd.
879 2561 1010 2590 motus.
1064 2554 1164 2589 Rost.
1192 2554 1293 2600 Sper.
1320 2557 1353 2589 3.
1380 2565 1415 2598 p.
1443 2553 1476 2587 5.
1503 2562 1602 2597 susp.
1628 2562 1698 2584 me-

229 2611 300 2645 tus,
329 2611 370 2638 ut
395 2619 509 2639 omne.
561 2607 637 2639 ΟΒ.
663 2623 710 2629 -
751 2606 857 2651 Quod
891 2605 973 2637 scil.
1011 2610 1055 2638 ut
1079 2614 1157 2636 una
1183 2604 1314 2636 simus.
1341 2621 1385 2626 -
1423 2611 1696 2646 consequamur,

231 2654 378 2688 wollen
406 2655 484 2687 wir
508 2665 557 2686 zu
585 2652 793 2688 erreichen
820 2653 981 2691 suclien.
1008 2671 1053 2678 —-
1079 2654 1216 2696 aptius,
1243 2649 1523 2697 zutr‘eiglicher.
1545 2665 1587 2674 —
1611 2660 1697 2693 pro-

230 2703 383 2747 pediem,
411 2701 594 2741 n‘a'chster
619 2702 731 2750 Tage.
