1795 3081
232 50 295 95 [48
496 47 560 93 Μ.
598 47 647 93 Τ.
688 45 1025 94 CICERONIS
1061 47 1440 97 EPiSTOLAE.

234 165 543 222 speclamlun13
587 172 631 206 et
670 179 768 205 cum
810 166 994 221 reliquis
1033 168 1164 208 etiam
1215 168 1305 208 loci
1348 170 1546 226 gravitas
1589 170 1693 210 huic

191 223 508 263 3111iscrrimac
537 221 811 274 perferenda.
877 222 1004 275 Quod
1041 237 1112 263 me
1141 236 1305 275 mones,
1345 231 1396 264 ut
1427 238 1479 265 ea
1504 224 1692 269 videam,

234 293 345 333 quae
374 278 428 318 ad
459 285 628 330 tenipus
657 278 1009 318 accommodem:
1051 281 1256 319 facerem.
1296 279 1334 318 si
1363 293 1434 319 res
1464 287 1695 333 pateretur

233 342 278 376 et
306 337 342 374 si
371 335 464 373 ullo
493 332 625 371 modo
654 333 753 372 fieri
781 341 940 387 posset.
999 332 1086 374 Sed
1115 335 1161 372 in
1190 336 1324 375 tantis
1353 332 1518 374 nostris
1538 348 1693 388 pecca—

232 392 288 431 tis
318 391 538 441 tantisque
568 394 824 427 nostrorum
853 389 1030 429 iniuriis
1060 389 1173 428 nihil
1198 397 1277 440 est,
1309 389 1427 443 quod
1450 396 1526 429 aut
1546 392 1695 430 facere

232 445 413 501 dignum
443 444 570 483 nobis
599 450 677 483 aut
705 444 915 484 simulare
952 446 1128 499 possim.
1185 443 1370 484 Sullana
1400 448 1602 485 confers:
1647 447 1695 484 in

232 502 389 555 quibus
419 500 566 538 omnia
595 512 755 554 genere
774 500 869 552 ipso
890 500 1245 553 praeclarissima
1267 503 1463 552 fuerunt,
1490 500 1695 540 modera-

233 559 355 597 tione
392 555 541 610 paullo
593 555 736 594 minus
786 562 1041 608 temperata.
1113 556 1238 595 Haec
1288 562 1434 596 autem
1477 555 1696 595 eiusmodi

233 618 350 661 sunt,
380 617 430 650 ut
459 610 702 650 obliviscar
729 611 838 658 mei,
870 611 1098 663 multoque
1132 611 1298 662 malim,
1338 610 1456 664 quod
1492 609 1694 650 omnibus

233 669 292 706 sit,
321 667 492 715 melius,
532 678 721 717 quorum
760 666 1002 705 utilitatem
1038 679 1180 704 meam
1217 667 1354 705 iunxi.
1425 665 1497 705 Tu
1535 665 1591 705 ad
1625 679 1696 705 me

232 730 379 762 tamen
407 722 543 761 velim
573 734 702 773 quam
732 722 983 774 saepissime
1012 721 1194 771 scribas,
1225 734 1364 774 eoque
1393 722 1546 776 magis,
1577 719 1696 774 quod

232 783 464 831 praeterea
492 789 620 815 nemo
651 777 830 815 scribit:
861 789 912 814 ac
941 777 979 815 si
1009 789 1173 827 omnes,
1204 782 1300 815 tuas
1330 783 1476 816 tamen
1505 778 1695 815 maxime

233 839 545 886 exspectarem„
618 829 747 883 Quod
790 832 949 870 scribis
989 831 1118 869 illum
1161 843 1242 883 per
1279 844 1348 870 me
1389 832 1552 883 Quinto
1597 833 1696 870 fore

232 889 544 942 placatiorem:
588 887 748 939 scripsi
777 885 832 925 ad
860 892 904 925 te
933 891 1062 925 antea
1090 898 1190 925 eum
1218 887 1368 925 statim
1398 886 1564 938 Quinto
1602 886 1697 925 filio

232 944 380 983 omnia
408 942 633 992 tribuisse,
662 943 805 980 nostri
834 941 1002 980 nullam
1030 942 1312 981 mentionem.
1371 942 1498 982 Vale.

234 1105 426 1141 ORELLL
478 1103 519 1138 Si
543 1105 668 1150 aliquo
693 1104 862 1150 positum
889 1102 937 1137 sit
960 1114 1032 1149 pro
1059 1105 1137 1138 alio
1163 1118 1245 1151 quo,
1270 1108 1312 1138 ut
1335 1105 1474 1152 aliquis
1497 1113 1607 1148 saepe
1623 1111 1696 1147 pro

232 1157 330 1190 alius
357 1157 448 1200 quis,
475 1164 604 1186 sensus
632 1157 687 1186 est
712 1152 938 1197 aptissimus.
991 1153 1151 1186 Interim
1186 1152 1357 1187 dedimus
1391 1155 1468 1187 alio
1503 1164 1582 1197 quo.
1635 1149 1698 1183 Ci-

234 1213 323 1237 cero
352 1202 457 1236 enim
484 1200 549 1243 ait,
584 1200 614 1233 si
642 1200 778 1234 Caesar
803 1200 844 1233 in
869 1199 1043 1234 Siciliam
1070 1200 1236 1239 venerit,
1275 1212 1361 1234 eum
1397 1210 1549 1246 quoque
1572 1197 1698 1231 Brun-

234 1251 373 1284 disium
398 1253 627 1290 venturum,
654 1247 757 1292 quod
782 1248 812 1281 si
831 1247 909 1288 fiat,
935 1247 1005 1280 sibi
1024 1246 1090 1282 hic
1108 1248 1401 1293 exspectandum
1423 1258 1512 1282 esse.
1563 1246 1698 1289 Itaque

233 1301 393 1337 mallem,
420 1296 558 1340 inquit,
592 1298 670 1329 celio
705 1308 775 1341 quo
806 1299 879 1330 iret
911 1296 1068 1339 Caesam·
1104 1301 1187 1329 tum
1226 1296 1328 1331 enim
1361 1296 1475 1329 etiam
1509 1294 1589 1328 sine
1616 1294 1698 1327 eius

235 1346 346 1380 venia
370 1343 573 1378 Brundisio
601 1342 799 1377 evasissem
826 1348 863 1377 et
888 1343 1046 1387 propius
1071 1344 1118 1377 ad
1134 1344 1269 1377 urbem
1290 1344 1545 1377 accessissem.
1581 1341 1700 1384 Quam

235 1394 393 1438 quidem
428 1391 467 1424 h.
503 1391 529 1423 l.
565 1390 790 1424 sententiam
831 1402 909 1424 esse
942 1394 1047 1434 patet
1083 1402 1130 1425 ex
1170 1390 1331 1435 epistola
1367 1389 1557 1435 sequenti.
1593 1389 1699 1423 SCH.

237 1443 282 1476 G.
304 1442 367 1475 Fr.
387 1438 602 1473 Grotesend
620 1436 863 1472 vermuthet:
888 1439 944 1473 Ac
959 1439 1119 1479 mallem,
1145 1441 1251 1473 illum
1270 1440 1396 1484 aliquo
1414 1442 1491 1473 iam
1508 1438 1592 1471 hinc
1616 1449 1701 1471 eva-

233 1493 368 1526 sissem.
395 1506 443 1512 —
477 1488 561 1520 loci.
604 1485 809 1519 Lambinus
841 1497 888 1519 ex
918 1485 991 1530 Ep.
1026 1498 1103 1531 seq.
1140 1486 1292 1520 volebat
1330 1488 1434 1520 caeli.
1494 1484 1568 1520 Sed
1601 1486 1702 1520 Iocus

235 1540 362 1585 gravis
387 1534 487 1580 apud
514 1533 669 1567 Celsum
696 1533 898 1576 aliquoties
923 1534 1136 1578 opponitur
1158 1535 1311 1568 salubri.
1341 1535 1415 1568 ΟΒ.
1442 1552 1489 1558 --
1521 1534 1606 1567 huic
1629 1535 1702 1567 mi-

234 1588 411 1621 serrimae
437 1581 670 1629 perferenda.
731 1580 795 1615 Sic
830 1580 896 1615 Cd.
938 1581 980 1614 in
1012 1593 1064 1615 m.
1103 1583 1207 1617 1584.
1250 1581 1336 1615 huic
1375 1583 1578 1616 miserrime
1623 1580 1698 1614 Md.

236 1635 353 1668 Oxon.
383 1634 416 1665 1.
442 1632 476 1666 2.
515 1630 697 1664 Tornaes.
724 1628 809 1662 Asc.
833 1639 894 1673 pr.
928 1629 1013 1663 hinc
1035 1631 1239 1665 miserrime
1273 1629 1359 1663 Asc.
1391 1640 1465 1663 sec.
1502 1628 1604 1663 Crat.
1641 1629 1701 1663 hic

233 1682 436 1718 miserrime
463 1677 556 1712 Cett.
609 1676 688 1711 Cfr.
716 1676 817 1709 infra
840 1677 912 1720 Ep.
940 1678 1020 1718 25,
1055 1680 1086 1719 §.
1120 1681 1154 1713 3.
1192 1679 1299 1712 huius
1323 1679 1552 1711 miserrimae
1570 1676 1701 1721 fatui-

234 1736 313 1764 tate
339 1727 535 1772 confectus.
572 1725 763 1759 ORELLI.
813 1723 945 1759 Tullia
978 1736 1061 1760 war
1095 1725 1156 1760 bei
1190 1726 1325 1760 Cicero
1358 1736 1407 1759 zu
1439 1724 1697 1759 Brundisium.

234 1777 271 1813 S.
298 1788 356 1823 ep.
383 1776 465 1810 412.
491 1774 562 1810 415
587 1784 648 1807 am
673 1772 796 1807 Ende.

330 1851 364 1884 3.
417 1852 459 1881 ut
491 1858 533 1880 ea
565 1846 720 1887 videam,
758 1857 849 1891 quae
881 1848 968 1888 cet„
1002 1844 1083 1879 dass
1114 1843 1180 1878 ich
1214 1843 1319 1879 mich
1351 1843 1566 1893 m'o'glichst
1601 1843 1701 1879 nach

235 1897 305 1933 der
331 1896 418 1931 Zeit
442 1907 491 1928 zu
515 1894 731 1937 bequemen
756 1891 898 1926 suchen
923 1892 1047 1927 sollte.
1082 1893 1170 1938 vgl.
1198 1904 1256 1938 ep.
1275 1895 1358 1934 421,
1380 1895 1413 1928 5.
1440 1912 1487 1918 -
1511 1896 1700 1939 tantisque

233 1951 455 1983 nostrorum,
485 1941 716 1984 Quintorum
741 1940 860 1985 patris
887 1945 925 1974 et
950 1940 1037 1980 filii,
1061 1941 1223 1975 fortasse
1251 1941 1364 1975 etiam
1389 1941 1608 1983 Terentiae,
1643 1944 1702 1974 in-

234 1996 357 2028 iuriis.
388 1991 599 2026 CORRAD.
625 2008 673 2013 —
697 1989 851 2034 dignum
876 1990 990 2029 nobis,
1022 1988 1083 2022 bei
1109 1988 1178 2022 der
1202 1989 1456 2043 Erinnerung
1481 2000 1520 2022 so
1546 1999 1700 2037 grosser

235 2040 457 2076 Fehltritte.
486 2058 530 2063 —
557 2038 753 2078 Simulare,
777 2036 855 2069 also
882 2036 944 2070 die
962 2036 1270 2084 Beleidigungen
1296 2035 1379 2070 sich
1404 2035 1514 2070 nicht
1539 2036 1701 2071 merken

235 2091 371 2130 lassen,
398 2088 458 2121 die
485 2097 527 2120 er
551 2095 628 2119 von
655 2084 729 2118 den
753 2083 939 2132 Seinigen
977 2084 1135 2118 erlitten
1166 2083 1284 2123 hatte,
1325 2083 1406 2117 und
1437 2083 1538 2118 auch
1572 2095 1700 2132 gegen

237 2138 358 2174 Gasar*
382 2136 503 2170 selbst
533 2133 741 2167 heucheln.
785 2151 834 2157 —
882 2133 1037 2166 Sullana
1071 2132 1236 2177 confers,
1271 2132 1333 2166 Du
1364 2130 1603 2180 vergleichst
1636 2132 1698 2166 die

236 2182 412 2226 Vorfalle
452 2193 523 2216 zur
553 2181 639 2215 Zeit
684 2181 748 2215 des
789 2180 983 2214 Dictator-s
1022 2179 1139 2214 Sulla.
1181 2198 1229 2205 —
1273 2192 1401 2225 genere
1425 2205 1433 2213 .
1457 2205 1466 2214 .
1486 2182 1699 2225 praeclara,

238 2233 381 2278 quippe
408 2242 525 2276 quum
551 2229 727 2263 nobilitas
754 2228 876 2262 omnis
902 2228 949 2261 ad
973 2227 1120 2262 Sullam
1146 2239 1184 2262 se
1212 2227 1447 2262 contulisset.
1488 2229 1697 2262 CORRAD.

237 2280 462 2317 Ueberdiess
517 2288 600 2312 war
647 2276 782 2310 Sulla's
834 2275 996 2317 Zweck,
1056 2276 1118 2310 die
1167 2275 1423 2309 Aristokratie
1466 2275 1612 2309 wieder
1657 2276 1700 2308 in

236 2328 322 2363 ihre
353 2325 497 2362 Rechte
529 2325 784 2359 einzusetzen.
820 2343 868 2349 —
916 2327 1030 2358 iunxi.
1073 2324 1190 2358 oxon.
1219 2325 1252 2358 2.
1288 2323 1382 2356 Ball.
1421 2323 1583 2357 Helmst.
1624 2326 1701 2358 uti-

237 2380 396 2412 litatem.
455 2373 576 2407 Hinc:
623 2385 775 2418 quorum
812 2374 1014 2406 utilitatem
1051 2384 1169 2406 meam
1204 2373 1293 2404 duxi
1326 2370 1372 2404 de
1406 2370 1563 2404 Graevii
1596 2383 1695 2416 susp.

237 2424 325 2459 sch.
352 2424 448 2457 Liin.
492 2421 683 2455 ORELLI.
750 2420 861 2464 Optat
897 2420 1096 2461 nimirum,
1142 2424 1186 2452 ut
1219 2419 1540 2463 Pompeianorum
1587 2430 1698 2452 causa

238 2473 378 2514 vincat,
411 2480 574 2515 quorxun
599 2469 809 2503 utilitatem
835 2480 939 2502 suam
965 2469 1133 2502 (luxerat.
1163 2468 1263 2500 SCH.
1296 2485 1344 2492 ——·
1383 2469 1416 2500 si
1449 2478 1567 2500 omnes
1603 2467 1698 2499 scri-

236 2521 384 2561 berent,
410 2524 494 2553 tuas
518 2517 648 2551 literas
674 2521 745 2550 cet.
775 2536 817 2541 —
843 2519 962 2557 illum,
991 2516 1199 2550 Caesarem.
1236 2516 1418 2555 tribuisse,
1446 2525 1489 2548 er
1512 2513 1608 2548 habe
1636 2514 1698 2547 be-

239 2568 395 2615 willigt.
421 2585 467 2591 —
491 2568 610 2600 nostri
633 2567 775 2599 nullam
800 2568 1017 2600 mentionem
1052 2576 1072 2598 a
1106 2564 1262 2599 Caesare
1294 2563 1435 2596 factam
1472 2572 1560 2596 esse.
1612 2561 1695 2609 Vgl.

240 2628 288 2649 zu
314 2627 374 2661 ep.
398 2615 481 2657 425,
506 2616 531 2650 2
555 2616 748 2649 notionem.
