1795 3081
173 75 266 122 188
421 74 489 123 M.
529 74 581 122 T.
618 71 964 122 CICERONIS
999 70 1376 121 EPISTOLAE.

170 205 264 239 tate
295 196 604 248 complectare.
662 192 911 234 Scriberem
941 191 996 232 ad
1027 198 1084 243 te,
1125 194 1270 247 qualis
1301 194 1377 233 vir
1407 200 1535 245 esset,
1579 203 1630 235 ut

174 252 488 306 superioribus
519 250 668 290 literis
699 252 910 300 feceram,
941 250 1034 289 nisi
1063 262 1166 290 eum
1197 252 1283 289 iam
1306 261 1388 302 per
1411 263 1457 290 se
1483 251 1630 302 ipsum

173 309 259 349 tibi
289 307 393 346 satis
424 317 518 345 esse
549 311 703 345 notum
732 305 999 345 arbitrarer.

251 489 569 542 EPISTOLA
605 487 941 538 CCCCXCIII.
1011 487 1094 548 (ad
1127 487 1240 537 Div.
1275 489 1406 538 XlII.
1443 490 1542 547 25).

504 579 584 614 Ser.
612 578 751 612 Romae
776 579 818 613 A.
841 579 886 613 u.
912 578 950 613 c.
976 580 1057 614 708.
1090 578 1140 620 (a.
1165 577 1205 612 e.
1230 578 1304 620 46.)

387 649 857 698 Hegesaratumbreviter
881 649 947 683 sed
972 656 1146 684 accurate
1173 649 1424 685 commendat.

663 720 839 756 CICERO
881 719 1065 757 SERVIO
1109 721 1144 757 S.

286 796 591 853 Hegesaratus
621 795 901 844 Larissaeus,
939 796 1112 850 magnis
1151 795 1262 834 meis
1299 793 1525 834 beneficiis
1562 806 1634 833 or-

176 859 309 894 natus
343 854 390 891 in
431 851 669 890 consulatu
707 862 822 899 meo,
862 862 1036 888 memor
1074 857 1117 890 et
1154 858 1309 905 gratus
1350 851 1440 889 fuit
1476 861 1633 902 meque

174 915 329 963 postea
373 906 712 961 diligentissime
756 905 912 944 coluit.
984 905 1097 943 Eum
1148 906 1231 945 tibi
1282 918 1442 960 magno
1497 917 1634 958 opere

177 961 451 1010 commendo,
494 966 543 999 ut
572 966 614 1000 et
642 959 865 1012 hospitem
897 972 1046 998 meum
1085 966 1129 999 et
1158 961 1433 1000 familiarem
1465 967 1508 1000 et
1536 972 1633 1013 gra-

176 1026 274 1059 tum
314 1017 538 1055 hominem
579 1022 622 1055 et
657 1016 810 1055 virum
848 1014 1016 1054 bonum
1060 1021 1105 1054 et
1147 1017 1396 1068 principem
1433 1016 1633 1055 civitatis

176 1087 283 1114 suae
315 1080 359 1112 et
387 1079 465 1112 tua
497 1067 821 1110 necessitudine
852 1069 1172 1125 dignissimum.
1232 1071 1497 1126 Pergratum
1521 1070 1635 1110 mihi

175 1129 352 1175 feceris,
382 1129 421 1167 si
454 1124 630 1165 dederis
668 1138 863 1178 operam,
906 1131 957 1164 ut
998 1126 1036 1165 is
1073 1126 1298 1178 intelligat
1341 1126 1454 1166 hanc
1490 1138 1631 1165 meam

177 1182 614 1224 commendationem
645 1194 855 1235 magnum
885 1181 1005 1234 apud
1035 1187 1078 1221 te
1109 1181 1280 1236 pondus
1310 1181 1533 1221 habuisse.

260 1355 575 1405 EPISTOLA
613 1353 958 1404 CCCCXCIV.
1028 1353 1110 1414 (ad
1144 1354 1258 1404 Div.
1291 1354 1425 1404 XIII.
1463 1354 1568 1413 26.)

507 1443 586 1477 scr.
615 1444 754 1478 Romae
781 1445 822 1478 A.
850 1445 896 1479 U.
923 1443 964 1478 c.
983 1445 1064 1479 708.
1092 1445 1139 1487 (a.
1167 1446 1206 1480 c.
1234 1444 1306 1489 46.)

367 1515 542 1550 Mescinii
567 1515 653 1549 Rufi
678 1516 851 1550 Acha'ica
877 1517 1033 1565 negotia
1060 1516 1311 1551 commendat.
1341 1516 1444 1554 1-4.

659 1586 839 1621 CICERO
888 1587 1068 1625 SERVIO
1119 1587 1155 1622 S.

287 1662 340 1701 L.
386 1661 635 1701 Mescinius
680 1673 731 1700 ea
785 1673 953 1700 mecum
995 1660 1319 1701 necessitudine
1366 1661 1633 1700 coniunctus

180 1723 262 1767 est,
295 1715 414 1771 quod
444 1717 552 1754 mihi
583 1724 796 1769 quaestor
827 1719 926 1757 fuit.
991 1716 1077 1756 Sed
1116 1718 1229 1756 hanc
1268 1729 1462 1764 causam,
1499 1728 1630 1767 quarn

180 1786 278 1828 ego,
309 1778 359 1811 ut
390 1786 414 1811 a
445 1772 693 1811 maioribus
725 1774 893 1824 accepi,
930 1785 1102 1825 semper
1140 1785 1322 1825 gravem
1360 1771 1482 1819 duxi,
1526 1770 1633 1808 fecit

178 1830 348 1868 virtute
379 1833 423 1866 et
455 1827 738 1867 humanitate
768 1841 845 1866 sua
875 1829 1125 1867 iustiorem.
1169 1828 1322 1880 Itaque
1348 1840 1400 1865 eo
1425 1827 1487 1864 sic
1508 1831 1630 1872 utor,

179 1889 232 1923 ut
261 1895 342 1921 nec
364 1881 635 1921 familiarius
655 1883 749 1922 ullo
773 1896 851 1922 nec
874 1883 1113 1922 lubentius.
1171 1882 1213 1922 Is
1237 1894 1502 1936 quamquam
1530 1893 1633 1918 con·

179 1998 312 2037 studio,
338 1997 534 2041 diligentia
559 2007 601 2028 ac
628 1996 784 2039 saepius.
820 1997 1058 2043 Ignoramus,
1084 2001 1214 2028 utrum
1242 1995 1298 2028 his
1326 1995 1526 2033 domm-‘1015-
1554 1993 1634 2037 ipso

181 2045 317 2078 Cicero
343 2056 430 2076 usus
459 2044 507 2077 sit
533 2044 571 2075 in
597 2043 710 2088 E]›p-‚
736 2055 782 2075 an
808 2045 944 2077 vitium
974 2044 1234 2077 tantummodo
1262 2043 1309 2076 sit
1334 2042 1410 2076 Md.
1441 2043 1633 2076 ORELLJ.

179 2092 277 2134 „mit
301 2092 446 2129 Deiner
476 2091 810 2139 Dienstfertigkeit
835 2092 915 2125 und
941 2092 1038 2126 Giite
1066 2093 1272 2125 umfassest.

277 2167 309 2199 1.
361 2165 616 2209 Hegesaratu&
643 2163 903 2211 ἾΙγησαραῑός.
939 2164 1034 2198 Cum
1061 2164 1202 2198 Ursino
1229 2162 1313 2197 Sch.
1344 2163 1441 2196 Liin.
1473 2163 1632 2207 Hagesa-

181 2216 279 2246 retus
310 2211 382 2244 Md.
427 2212 523 2245 Vict.
554 2215 586 2247 1.
613 2213 645 2245 2.
680 2212 807 2245 hamb.
836 2212 973 2245 Graev.
1001 2212 1136 2245 Bened.
1177 2214 1410 2256 Iz'egcsctrefus
1436 2210 1530 2243 Ern.
1562 2212 1632 2243 (m.

183 2278 223 2285 —
252 2261 463 2297 Larissaeus
490 2270 564 2292 von
593 2260 743 2294 Larissa
771 2261 810 2292 in
837 2260 1072 2300 Thessalien,
1100 2260 1207 2293 einer
1233 2271 1279 2292 zu
1307 2259 1374 2291 dei·
1392 2258 1633 2293 Statthalter-

180 2306 305 2342 sebast
331 2307 393 2342 des
419 2307 497 2341 Ser.
528 2306 718 2351 Sulpicius
745 2308 958 2355 geh’drigen
984 2306 1155 2341 Provinz.
1196 2327 1236 2333 —
1278 2307 1405 2351 benef„
1437 2305 1633 2353 Begiinsti-

180 2366 346 2404 gungen,
375 2374 417 2380 —
443 2358 606 2402 princip.
635 2359 746 2398 civit„
775 2356 848 2390 den
874 2357 1013 2390 Ersten
1041 2356 1081 2388 in
1108 2356 1234 2389 seiner
1260 2355 1376 2389 stadt.

278 2432 310 2462 1.
361 2440 589 2462 ea..necess.
617 2431 706 2462 com‘.
733 2434 797 2469 est,
831 2427 969 2475 geh'ort
1003 2427 1078 2459 mir
1112 2428 1233 2462 sehon
1268 2428 1487 2475 desswegen
1515 2424 1633 2458 n'aher

182 2487 242 2517 an,
268 2476 370 2510 weil.
409 2496 456 2501 —
489 2481 655 2521 quaestor
680 2475 766 2520 fult
801 2476 841 2508 in
878 2475 1030 2509 Cilicia.
1069 2474 1105 2507 S.
1141 2488 1197 2520 ep.
1233 2479 1314 2511 302.
1349 2478 1430 2510 438.
1463 2494 1509 2499 —
1543 2475 1634 2506 ham·

182 2537 331 2558 causam
358 2524 649 2558 necessitudinis
676 2524 824 2564 (diesen
850 2523 1052 2569 Anspruch
1086 2525 1151 2556 auf
1174 2525 1297 2558 mein(=
1324 2523 1631 2562 Freundschaft),

181 2584 255 2615 qua
280 2584 430 2605 mecum
465 2572 692 2605 coniunctus
728 2577 804 2610 est3
845 2571 1029 2606 nimirum
1068 2572 1168 2615 quod
1206 2578 1382 2616 quaestor
1415 2570 1509 2603 mihi
1546 2569 1629 2601 fuit,

183 2620 260 2653 Der
285 2619 511 2653 Statlhalter
537 2620 613 2652 und
636 2620 816 2661 Quaestor
841 2620 997 2653 standen
1023 2632 1128 2653 inore
1154 2621 1342 2654 maiorum
1371 2619 1411 2651 in
1439 2619 1522 2651 dom
1540 2618 1631 2649 Ver-2

181 2667 363 2701 h'siltnisse
390 2668 493 2701 eines
512 2668 646 2701 Vators
673 2680 757 2700 zum
786 2666 910 2701 Soline
938 2668 1008 2700 lnit
1036 2668 1229 2701 einander.
1249 2667 1632 2711 ——sccc't...iusiiorcm,

182 2714 246 2749 hal.
272 2727 313 2750 er
338 2716 437 2750 noch
465 2714 576 2749 mehr
601 2716 824 2763 begriindet,
852 2715 933 2750 sicli
959 2716 1053 2749 dazu
1080 2716 1307 2763 berechtigt.
1343 2734 1388 2741 —
1427 2727 1489 2749 nec
1514 2715 1633 2747 labens

1724 292 1738 318 ὀ

1724 362 1739 481 ἓ

1753 450 1755 462 l

1723 270 1733 290 3
1791 252 1795 282 l
