1795 3081
442 94 764 145 EPISTOLA
816 95 1163 148 CCCCLXIX.
1429 106 1522 150 1213

68 219 270 270 perculsa
291 224 333 257 et,
355 223 577 270 prostrata
609 216 859 257 foedissime
892 218 1008 258 bello
1040 222 1183 260 iacent
1213 223 1373 274 omnia,
1407 231 1456 263 ut
1486 225 1521 263 is

67 275 224 324 cuique.
258 274 392 323 locus,
423 273 498 311 ubi
529 274 621 325 ipse
650 274 721 322 sit,
753 279 797 312 et
825 272 909 311 sibi
932 275 1113 326 quisque
1138 277 1410 317 miserrimus
1430 293 1521 319 esse

68 328 286 377 videatur,
317 334 552 380 propterea
582 333 625 366 et.
655 330 719 366 tui
750 328 925 366 consilii
954 331 1150 381 poenitet
1178 338 1221 371 te
1251 339 1293 371 et
1323 347 1414 383 nos,
1445 336 1520 386 qui

65 382 184 421 «lumi
215 397 374 422 sumus.
407 383 487 421 tibi
517 383 634 420 beati
665 381 887 421 videmur:
927 390 972 422 at
1013 391 1168 423 contra
1198 388 1324 426 nobis
1354 402 1440 427 non
1473 395 1521 428 tu

64 438 239 489 quidem
273 451 433 477 xacuus
463 437 690 487 molestiis,
727 436 802 476 sed
841 451 947 490 prae
988 438 1112 477 nobis
1154 441 1316 482 beatus.
1378 443 1520 496 Atque

67 494 148 531 hoc
180 495 274 546 ipso
305 493 465 530 melior
494 498 558 531 est
589 498 676 542 tua,
708 505 837 544 quam
868 499 1032 539 nostra,
1063 495 1275 547 conditio,
1310 497 1427 550 quod
1455 505 1520 549 tu,

63 547 169 599 quid
199 548 360 595 doleat,
389 548 584 585 scribere
614 545 760 597 audes,
790 560 868 586 nos
899 561 953 587 ne
983 547 1028 586 id
1049 549 1223 601 quidem
1249 558 1343 591 tuto
1368 567 1519 606 possu-

65 617 180 640 mus:
225 616 302 641 nec
341 600 386 639 id
425 603 611 642 victoris
648 603 776 650 vitio,
835 616 920 655 quo
963 603 1075 642 nihil
1119 604 1402 657 moderatius,
1443 608 1519 648 sed

64 659 198 709 ipsius
228 657 459 700 xictoriae,
491 670 600 709 quae
632 658 839 695 civilibus
870 658 996 697 bellis
1026 673 1196 712 semper
1220 668 1284 700 est
1314 663 1516 704 insolens.

68 713 158 751 Uno
192 719 232 751 {e
263 713 465 762 ricimus,
509 711 624 763 quod
662 711 714 751 de
755 712 977 763 Marcelli,
1020 715 1215 770 collegae
1257 718 1339 767 tui,
1378 715 1558 758 salute-‘3

62 768 212 819 paullo
256 773 371 815 ante,
422 780 551 818 quam
596 773 656 814 tu,
714 770 1026 822 cognovimus:
1075 772 1207 808 etiam
1250 772 1515 824 mehercule,

62 821 193 873 quod,
223 820 588 878 quemadmodum
619 835 669 861 ea
698 836 768 861 res
798 830 1020 877 ageretur,
1050 824 1252 864 vidimus.
1312 826 1423 866 Nam
1453 830 1516 866 sic

62 880 128 915 sac
159 878 401 915 existimes:
432 883 532 928 post
561 877 636 915 lias
667 879 879 928 miserias,
917 878 961 916 id
992 885 1069 929 est,
1112 887 1341 932 postquam
1381 884 1515 921 armis

61 931 297 983 disceptari
328 938 531 983 coeptum
561 933 618 971 sit
647 931 698 971 de
729 933 826 972 iure
863 934 1056 985 publico,
1094 936 1207 973 nihil
1250 950 1340 975 esse
1370 944 1515 977 aetum

60 986 182 1025 aliud
212 1000 309 1025 cum
339 986 563 1040 dignitate.
622 986 735 1026 Nam
765 994 808 1026 et
836 989 928 1040 ipse
960 988 1132 1039 Caesar,
1162 998 1361 1031 accusata
1391 1006 1513 1032 acer-

7 1042 9 1048 '
62 1043 196 1080 hiiate
228 1041 448 1091 Blarcelli,
478 1063 532 1069 —
561 1043 624 1080 sic
654 1044 770 1081 enim
800 1044 1048 1095 appellabat
1069 1066 1122 1071 —
1153 1045 1413 1099 laudataque
1434 1048 1512 1086 ho-

59 1097 441 1135 norificentissime
487 1103 530 1135 et
572 1099 791 1148 aequitate
835 1105 909 1137 tua
952 1105 995 1136 et
1040 1099 1288 1151 prudentia,
1333 1109 1513 1154 repente

59 1157 236 1203 praeter
264 1165 384 1203 spem
414 1150 540 1201 dixit,
584 1166 659 1202 „se
695 1154 864 1191 senatui
905 1156 1080 1207 roganti
1120 1153 1172 1194 (le
1202 1155 1419 1195 Illarcello
1458 1171 1512 1197 ne

58 1206 247 1244 hominis
277 1205 451 1257 quidem
490 1220 616 1246 causa
654 1207 960 1262 negaturumf‘
1027 1209 1205 1249 Fecerat
1244 1218 1389 1250 autem
1427 1212 1512 1251 hoc

56 1268 243 1311 senalus,
272 1267 336 1310 ut,
366 1275 499 1313 quum
529 1277 552 1301 a
581 1263 631 1300 L.
653 1262 808 1301 Pisone
836 1264 1000 1301 mentio
1032 1271 1142 1303 esset
1171 1267 1284 1305 facta
1314 1266 1366 1305 de
1386 1267 1511 1308 Mar-

57 1317 170 1354 cello
203 1323 245 1354 et
276 1329 408 1367 quum
439 1316 484 1355 C.
516 1317 755 1356 Marcellus
783 1331 829 1355 se
858 1317 911 1357 ad
943 1320 1139 1358 Caesaris
1168 1320 1298 1372 pedes
1329 1323 1512 1361 abiecis-

59 1430 251 1473 rvcvperis
268 1429 430 1462 Achaiae
449 1430 772 1473 proconsulatum.
801 1431 900 1463 SCH.
918 1450 963 1455 ——
986 1443 1076 1475 prae
1092 1434 1205 1473 nohis,
1223 1433 1274 1465 im
1298 1434 1509 1481 Vergleich

58 1479 127 1508 mit
162 1490 242 1509 uus.
281 1496 324 1501 -—-
363 1478 492 1514 dolcat,
530 1477 620 1510 Cdd.
651 1478 740 1519 aliq.
769 1479 884 1521 Neap.
924 1479 1003 1512 Asc.
1035 1483 1064 1513 1.
1094 1480 1193 1512 Crat.
1223 1481 1351 1513 Lamb.
1381 1483 1510 1514 Mari.-

59 1526 145 1569 lmg.
183 1525 270 1559 sch,
306 1525 397 1556 Liin.
437 1526 555 1557 doleas
590 1530 719 1558 contra
747 1526 818 1557 Md.
859 1528 931 1558 OR.
969 1546 1013 1550 -—
1050 1529 1150 1568 vitio,
1179 1528 1358 1567 Caesaris,
1385 1529 1507 1563 durch

57 1565 120 1603 ‹li-J
155 1572 296 1603 ,Si-hum
335 1572 396 1604 (les
437 1573 595 1618 Sin-gnis.
636 1592 681 1596 —
720 1586 788 1616 quo
820 1574 987 1606 nihil:
1013 1586 1122 1607 nemo
1150 1576 1394 1619 moderatior,
1434 1578 1507 1610 (len

56 1621 196 1651 lxvincr
233 1632 279 1651 an
316 1619 528 1665 Wl‘a'ssiguug
563 1620 765 1653 iibertrifft.
807 1640 849 1644 —
897 1624 1060 1661 insolens,
1099 1622 1359 1671 iibermiithig,
1422 1626 1506 1659 Man

56 1667 186 1700 merki
213 1669 280 1699 auf
302 1668 363 1699 (las
391 1667 629 1700 Abstractum
657 1679 726 1711 pro
755 1667 954 1701 Coum-oto.
991 1670 1075 1716 Vgl,
1105 1670 1138 1702 (1.
1166 1681 1246 1703 vor.
1276 1672 1337 1704 ΒΓ.
1365 1675 1396 1714 §.
1423 1676 1455 1707 3.

148 1718 180 1749 3.
236 1717 311 1747 Uno
336 1721 368 1748 te
396 1718 558 1751 vit-imus,
593 1715 655 1747 das
683 1716 843 1762 Einzige
870 1715 952 1749 hab'
977 1710 1040 1749 ioli
1068 1716 1189 1749 ‹lurcll
1215 1719 1342 1752 meine
1368 1720 1506 1754 Anwe-

53 1762 201 1795 senlwit
234 1762 272 1794 in
305 1763 398 1796 Rom
431 1774 502 1796 vor
535 1763 605 1796 ljir
638 1775 784 1796 vorans
816 1766 996 1798 rinez'nms
1033 1765 1077 1797 de
1113 1765 1206 1798 ΕΓΗ.
1243 1779 1341 1811 susp.
1378 1769 1504 1802 Mart.-

53 1811 144 1855 Lag.
165 1810 249 1843 Sch.
270 1811 364 1843 Liin.
391 1829 438 1835 —
465 1813 527 1843 (Ie.
543 1836 548 1842 .
564 1837 570 1843 .
585 1813 725 1844 salute.
740 1836 766 1846 ..
781 1824 940 1856 cognom,
967 1813 1047 1844 dass
1073 1812 1138 1845 ich
1166 1813 1226 1847 die
1252 1814 1504 1849 VViederher-

52 1858 220 1904 stellung*
246 1858 325 1890 und
345 1859 712 1906 Zuriickberusung.
729 1885 736 1892 .
753 1859 921 1892 ,erfuhn
949 1862 1104 1905 collegae
1130 1860 1169 1892 in
1196 1863 1395 1895 consulatu
1420 1866 1501 1899 703.

50 1924 97 1930 —-
123 1897 320 1949 (μιεῖηαιῖιη.
354 1918 394 1939 ea
427 1920 454 1941 r.
489 1918 600 1951 agen,
639 1908 712 1940 wie
739 1918 775 1940 es
801 1906 909 1940 dabei
942 1908 1097 1955 zuging.
1130 1927 1177 1933 —-
1201 1907 1284 1951 fac.
1312 1913 1429 1949 exist„
1465 1911 1501 1945 S.

51 1952 198 1985 Ramsh-
229 1954 256 1996 §.
284 1956 361 1988 167.
391 1955 424 1994 2,
451 1955 538 1988 Not.
570 1957 599 1987 1.
618 1973 665 1978 —
687 1960 883 2000 postquam
899 1980 906 1987 .
923 1980 930 1987 .
948 1984 955 1991 .
971 1957 1011 1989 cle
1038 1960 1115 1989 iure
1139 1958 1297 2000 publice,
1325 1957 1382 1999 da,
1407 1959 1502 1993 Was

51 2001 90 2032 iu
116 2012 295 2033 miserem
322 2001 444 2035 Staate
471 2001 593 2035 Recht
627 2001 710 2035 sein
738 2003 861 2044 sollte,
900 2002 973 2036 den
1000 2004 1158 2038 VVaffen
1176 2016 1260 2036 “zur
1295 2005 1502 2040 Entschei-

51 2048 156 2095 dung
182 2049 397 2082 iiberlassen
423 2049 566 2083 wurde.
599 2048 662 2083 Sic
688 2050 759 2082 Md.
795 2050 893 2084 Crat.
927 2051 1065 2085 Bened.
1094 2057 1255 2097 coeptum
1280 2058 1332 2086 est
1358 2053 1498 2087 Ceteri.

52 2098 125 2128 ‹et-z.
155 2096 334 2128 lunuitur
360 2097 620 2130 controversia
640 2098 820 2139 Caesaris,
848 2098 914 2141 qui
940 2110 978 2132 se
1005 2100 1061 2132 ius
1087 2100 1145 2132 rei
1172 2099 1347 2144 publicae
1372 2101 1500 2135 defen-

49 2143 137 2176 dere
164 2143 322 2182 dicebat,
349 2156 467 2187 quum
494 2145 574 2186 sibi,
610 2157 704 2189 quae
742 2146 828 2193 lege
863 2146 998 2190 populi
1033 2147 1116 2180 data
1143 2153 1278 2187 essent,
1311 2160 1498 2196 negaren-

47 2196 121 2223 tur.
148 2191 366 2224 ERNESTI.
393 2210 436 2217 —
462 2205 531 2226 esse
557 2199 680 2226 actum
706 2193 746 2225 in
773 2198 903 2226 senatu
930 2206 1009 2227 cum
1035 2206 1124 2228 vera
1149 2195 1346 2241 dignitate,
1386 2208 1499 2240 quam

47 2237 133 2270 hoc.
161 2257 206 2263 —
240 2245 414 2273 accusata
438 2243 638 2276 acerbitate
662 2242 837 2275 Marcelli.
874 2241 1124 2289 Significatur
1147 2243 1199 2285 id,
1238 2245 1339 2287 quod
1364 2243 1499 2278 Sueto-

48 2286 132 2318 nius
160 2287 332 2330 exposuit
356 2287 415 2320 his
442 2288 567 2321 verbis
595 2289 637 2321 in
664 2289 766 2323 Caes,
792 2300 823 2322 c.
849 2290 911 2323 28:
944 2290 992 2323 M.
1019 2289 1213 2324 Marcellus
1238 2294 1366 2325 consul
1387 2293 1498 2326 edicto

48 2360 55 2368 .
73 2336 244 2367 ..retulit
268 2335 318 2367 ad
337 2340 512 2377 senatum,
540 2342 581 2369 ut
601 2337 748 2371 Caesari
771 2337 1015 2371 succederetur·
1039 2343 1123 2372 ante
1147 2344 1289 2384 tempus
1304 2345 1373 2374 cet.
1393 2341 1496 2376 SCH.

47 2399 94 2406 —
115 2387 264 2426 praeter
286 2395 393 2425 spem,
420 2383 652 2418 unverhofft.
682 2403 722 2409 —
761 2397 821 2425 „se
845 2387 1044 2420 senatui...
1060 2389 1323 2431 negaturum‚“
1349 2387 1428 2421 dass
1455 2399 1499 2421 er

48 2428 135 2462 dem
174 2429 309 2463 senate
336 2431 484 2472 Nichts‚
519 2433 671 2465 worauf
704 2432 876 2465 derselbe
913 2445 961 2466 zu
987 2434 1159 2467 Gunsten
1198 2434 1261 2468 des
1296 2435 1497 2469 Marcellus

47 2482 230 2523 antragen
256 2477 401 2519 wiirde‚
423 2490 487 2512 aus
504 2479 775 2524 personlicher
793 2480 1142 2515 Unzufriedenheit
1159 2482 1229 2515 mit
1255 2482 1341 2516 dem
1360 2484 1496 2516 Manne

47 2523 324 2572 abzuschlagen
379 2537 547 2560 esonnen
572 2527 637 2564 sei.
679 2541 722 2561 ne
755 2528 909 2562 hominis
935 2529 1078 2573 quidem
1103 2540 1225 2571 causa,
1263 2542 1282 2562 a
1309 2541 1383 2574 quo
1409 2542 1497 2577 gra-

47 2571 147 2605 viter
180 2578 274 2606 esset
310 2583 330 2606 ο
361 2575 484 2608 'ensus.
524 2575 609 2622 Vgl.
645 2586 701 2619 ep.
736 2577 820 2614 470,
852 2579 898 2610 10
932 2588 991 2609 am
1015 2576 1141 2610 Ende:
1176 2578 1402 2617 Marcellum,
1440 2581 1499 2610 cui

45 2623 199 2653 maxime
222 2623 462 2661 succensebat,
488 2634 566 2656 cum
590 2635 729 2656 summa
756 2625 857 2658 illius
879 2624 1066 2669 dignitate
1090 2628 1263 2658 restituit.
1282 2642 1324 2651 —
1350 2627 1392 2659 L.
1416 2626 1497 2659 Piso

46 2665 286 2710 Caesoninus,
309 2671 379 2704 696
405 2669 537 2702 consul
562 2681 649 2703 cum
678 2670 850 2711 Gabinio,
878 2671 1047 2706 Caesaris
1071 2683 1188 2707 socer.
1214 2672 1299 2706 Vid.
1329 2673 1496 2717 Philipp.

45 2713 76 2754 Ι,
101 2716 133 2748 4.
161 2715 258 2751 Orat.
285 2716 384 2750 Sext.
411 2719 443 2751 7.
472 2721 525 2752 10.
553 2720 608 2752 1¹4.
635 2718 742 2752 Dom.
769 2722 802 2755 9.
830 2718 900 2753 Pis.
926 2722 985 2756 24.
1012 2723 1067 2755 17.
1096 2722 1153 2756 22.
1179 2721 1288 2754 Prov.
1323 2722 1433 2757 Cous.
1460 2723 1494 2755 6.
