1795 3081
256 86 354 133 212
522 83 590 132 Μ.
625 86 679 135 Τ.
715 80 1063 134 CICERONIS
1097 81 1473 134 EPISTOLAE.

253 205 443 246 bebant:
492 219 628 258 quum
677 213 864 260 propter
905 218 1060 245 eorum
1102 205 1244 244 scelus
1292 205 1407 245 nihil
1444 204 1558 244 mihi
1603 205 1724 244 intra

254 275 376 301 meos
407 263 597 314 parietes
629 268 787 312 tutum,
827 261 941 300 nihil
978 259 1151 299 insidiis
1180 274 1370 300 vacuum
1398 260 1613 311 viderem,
1642 273 1722 299 no-

252 330 411 356 varum
442 330 511 356 me
541 317 913 357 necessitudinum
942 316 1157 355 fidelitate
1195 322 1352 355 contra
1389 323 1591 356 veterum
1620 328 1722 369 per-

253 371 402 410 fidiam
434 372 720 412 muniendum
758 373 925 425 putavi.
997 370 1084 411 Sed
1127 371 1179 411 de
1221 373 1385 411 nostris
1425 373 1557 411 rebus
1599 372 1722 422 satis,

209 420 235 459 4
253 428 324 466 vel
356 428 491 466 etiam
519 430 705 467 nimium
735 428 886 467 multa.
945 427 1012 467 De
1041 428 1129 466 tuis
1157 428 1295 468 velim
1325 433 1374 466 ut
1398 440 1459 474 eo,
1474 429 1532 466 sis
1554 427 1721 476 animo,

252 495 338 533 quo
371 482 500 522 debes
531 497 637 533 esse,
668 483 714 522 id
745 489 823 533 est,
861 489 911 522 ut
939 496 992 522 ne
1023 483 1130 535 quid
1168 484 1252 522 tibi
1287 484 1524 536 praecipue
1561 484 1720 521 timen-

251 537 353 576 dum
384 545 522 590 putes.
581 538 630 578 Si
660 540 778 577 enim
807 544 945 577 status
977 540 1064 577 erit
1093 539 1252 591 aliquis
1284 539 1494 588 civitatis,
1535 538 1721 591 quicun-

250 606 334 645 que
365 595 465 644 erit,
505 601 549 633 te
579 596 774 633 omnium
815 595 1119 646 periculorum
1156 594 1287 633 video
1332 600 1556 647 expertem
1597 595 1717 631 fore:

246 661 350 687 nam
380 650 543 688 alteros
573 650 657 688 tibi
688 651 776 689 iam
806 650 1002 702 placatos
1032 663 1123 689 esse
1152 650 1382 705 intellig03
1414 649 1578 688 alteros
1594 660 1719 686 num-

249 717 380 756 quam
409 706 549 743 iratos
580 706 727 744 fuisse.
799 704 866 743 De
910 718 1007 744 mea
1050 712 1195 744 autem
1235 706 1282 743 in
1320 711 1363 744 te
1393 706 1625 744 voluntate
1654 705 1717 742 sic

247 759 385 798 velim
414 759 597 807 iudices,
629 773 714 811 me,
745 761 1078 813 quibuscunque
1121 761 1252 799 rebus
1291 772 1399 813 opus
1430 774 1521 799 esse
1551 760 1718 798 intelli-

247 828 363 870 gam,
395 829 659 868 quamquam
696 815 888 866 videam,
933 817 1009 868 qui
1047 818 1129 855 sim
1172 816 1256 854 hoc
1292 821 1492 868 tempore
1532 822 1575 855 et
1612 813 1719 867 quid

246 872 435 923 possim,
487 884 623 924 opera
659 877 807 910 tamen
853 877 897 910 et
936 873 1147 921 consilio,
1191 869 1338 910 studio
1378 870 1555 923 quidem
1597 876 1718 909 certe

245 927 328 975 rei,
368 927 524 976 famae,
566 927 701 965 saluti
741 933 843 965 tuae
881 933 1058 979 praesto
1103 928 1318 965 futurum.
1387 927 1459 966 Tu
1494 926 1630 965 velim
1674 931 1718 965 et

244 979 353 1033 quid
383 994 486 1036 agas
516 987 561 1020 et
599 981 705 1034 quid
735 988 940 1020 acturum
969 988 1013 1022 te
1042 988 1183 1036 puteS,
1223 982 1360 1020 facias
1389 995 1459 1022 me
1489 994 1621 1035 quam
1650 980 1716 1019 di-

243 1036 535 1091 ligentissime
565 1039 818 1077 certiorem.

243 1175 382 1210 rathen
409 1181 562 1210 musste.
590 1195 637 1202 —-
663 1177 839 1210 debebant
864 1175 965 1211 coni.
993 1174 1092 1211 loco.
1121 1196 1167 1202 —
1192 1179 1367 1220 necessit„
1392 1173 1716 1224 Verbindungen.

241 1241 290 1248 —
315 1227 372 1258 vel
394 1235 469 1258 om.
498 1225 636 1258 GraevA
665 1224 755 1258 sch.
785 1225 878 1258 Liin.
907 1230 1041 1259 contra
1069 1225 1141 1258 Md.
1173 1227 1247 1260 ΟΒ.
1276 1245 1323 1250 -
1347 1228 1467 1259 multa
1493 1224 1643 1269 scripsi.

336 1287 370 1319 4.
420 1286 477 1318 De
510 1288 598 1326 tais,
636 1285 677 1317 in
713 1285 896 1318 Hinsicht
931 1286 1077 1319 Deiner
1109 1285 1483 1334 Angelegenheiten,
1520 1285 1632 1332 Lage.
1668 1302 1716 1309 —

237 1335 453 1378 praecipue,
488 1345 585 1380 ganz
612 1333 832 1373 besonders,
868 1344 941 1367 vor
965 1333 1147 1367 Anderen
1173 1345 1331 1376 voraus;
1367 1334 1419 1367 im
1447 1334 1610 1381 Gegens.
1638 1343 1715 1366 von

241 1380 456 1414 communis
484 1380 693 1414 calamitas.
719 1400 765 1405 —
792 1382 833 1415 Si
857 1385 952 1415 enim
977 1387 1099 1416 status
1125 1385 1195 1416 erit
1221 1384 1310 1429 aliq.
1339 1385 1405 1416 eivs
1440 1382 1532 1429 Vgl.
1556 1392 1614 1425 ep.
1631 1382 1714 1420 514,

239 1430 274 1462 4.
302 1441 341 1462 u.
366 1431 449 1471 470,
475 1432 497 1464 9
523 1429 562 1463 ff.
599 1430 683 1469 479,
708 1431 742 1464 2.
769 1448 816 1454 -
856 1442 950 1464 omn.
978 1433 1094 1474 peric.
1115 1456 1123 1464 .
1143 1456 1151 1463 .
1174 1437 1321 1476 expers„
1360 1441 1488 1464 ausser
1513 1429 1614 1463 aller
1640 1429 1715 1463 Ge-

239 1475 339 1510 fahr.
375 1494 418 1502 —-
457 1479 594 1511 alteros
619 1501 627 1509 .
651 1509 659 1516 ,
685 1501 693 1509 .
723 1479 878 1519 alter-os,
907 1477 1149 1513 Caesarianos
1176 1505 1184 1513 .
1211 1505 1219 1514 .
1248 1504 1256 1513 .
1285 1479 1533 1524 Pompeianos
1571 1497 1619 1503 —
1653 1480 1716 1524 qui

239 1528 323 1565 sim,
350 1524 425 1559 Md.
463 1523 580 1570 Neap.
616 1523 700 1559 Asc.
729 1530 760 1560 1.
795 1526 898 1560 Crat.
927 1525 1056 1564 hamb.
1094 1529 1173 1574 quis
1205 1531 1285 1562 sim.
1317 1529 1391 1561 ΟΒ.
1438 1526 1543 1568 „wie
1579 1526 1713 1573 wenig-

240 1571 307 1606 ich
332 1573 534 1607 dermalen
561 1573 628 1606 bin
654 1574 734 1607 und
760 1577 963 1622 vermag.“
989 1594 1037 1599 —
1064 1576 1185 1620 ορενᾶ,
1214 1575 1510 1621 Vervvendung.
1544 1593 1591 1598 —
1626 1576 1717 1620 quid

240 1626 316 1654 act.
344 1627 377 1655 te
399 1627 502 1667 put„
535 1621 630 1657 Was
656 1622 716 1655 Du
747 1628 844 1656 etwa
879 1635 926 1655 zu
958 1622 1055 1656 thun
1089 1624 1311 1671 gedenkest.
1363 1623 1454 1657 Ueb.
1490 1623 1554 1656 die
1581 1622 1711 1656 Briefe

240 1668 304 1703 des
331 1668 442 1705 Iahrs
466 1672 538 1707 709
564 1682 599 1706 u.
628 1672 708 1706 710.
735 1672 767 1707 8.
808 1671 1018 1706 ΑΒΕΚΕΝ
1039 1671 1135 1707 Seit.
1164 1674 1245 1708 317.
1274 1671 1314 1710 ff.
