1795 3081
427 90 745 142 EPISTOLA
781 89 1148 144 DCXXXVIII.
1418 94 1515 141 415

54 216 168 273 fugit
197 228 266 255 me
295 221 387 254 tum
416 215 496 253 tibi
525 214 721 259 mittere3
769 226 848 252 nec
883 213 929 254 id
964 215 1062 265 fuit,
1107 213 1222 269 quod
1260 213 1515 267 suspicaris,

53 279 102 311 ut
131 284 199 311 me
228 269 414 323 puderet
444 271 522 310 tui.
555 282 608 308 ne
637 267 821 307 ridicule
850 267 1119 319 hemicillus3
1158 284 1236 310 nec
1266 270 1514 308 mehercule

54 327 212 379 scripsi
242 326 383 370 aliter,
415 337 464 363 ac
495 325 531 362 si
561 319 673 374 πρὸς
701 317 796 362 ἴσον
827 319 1067 378 ὅμοιόνᾳιιθ
1096 325 1346 365 scriberem.
1396 323 1515 362 Bene

52 382 167 420 enim
198 382 396 419 existimo
425 377 476 419 de
496 378 586 417 illis
608 378 751 428 libris,
783 383 832 416 ut
854 379 934 418 tibi
957 392 1115 419 coram.
1171 380 1326 433 Itaque
1349 378 1514 430 scripsi

52 442 95 475 et
132 430 436 481 ἀκολακεύτως
476 439 519 472 et
557 439 702 472 tamen
750 434 831 482 sic,
882 441 934 474 ut
971 435 1087 474 nihil
1130 447 1228 474 eum
1266 435 1513 473 existimem

53 492 265 529 lecturum
296 490 518 528 libentius.
580 486 646 526 De
674 487 818 526 Attica
857 502 971 528 nunc
1008 490 1177 530 demum
1210 488 1317 528 mihi
1348 494 1413 527 est
1441 477 1556 526 (ὲκ-2

51 547 283 599 ploratum.
342 544 491 597 ltaque
521 544 564 581 ei
595 541 646 581 de
684 544 854 598 integro
896 547 1127 599 gratulare.
1185 544 1421 598 Tigellium
1450 548 1517 581 to-

52 608 144 641 tum
174 599 297 650 mihi,
338 605 381 638 et
418 597 592 651 quidem
628 600 975 650 quamprimum:
1021 614 1120 640 nam
1161 599 1329 654 pendeo
1366 598 1515 637 auimi.

53 655 200 695 Narro
231 655 325 703 tibi,
356 654 546 706 Quintus
578 665 687 692 cras.
746 651 833 692 Sed
861 653 915 692 ad
944 669 1027 704 me,
1067 669 1122 694 an
1161 654 1215 694 ad
1254 660 1311 703 te,
1350 654 1514 692 nescio.

53 708 169 749 Mihi
200 710 377 762 scripsit
405 709 586 747 Romam
615 723 712 748 viu.
742 707 841 748 Kal.
900 708 987 749 Sed
1014 712 1129 760 misi,
1173 711 1248 764 qui
1278 710 1514 748 invitaret:

54 770 96 804 et
134 766 173 803 si
211 764 356 804 hercle
403 765 490 803 iam
532 763 713 804 Romam
757 762 1020 805 veniendum
1071 771 1149 815 est,
1200 778 1255 805 ne
1301 764 1373 804 ille
1415 768 1517 802 ante

49 819 235 858 advolet.

146 893 178 923 1.
221 889 332 933 fugit
357 903 422 930 me,
449 900 602 935 vergass
629 887 705 923 ich.
734 908 776 915 —
803 889 1016 923 hemictllus.
1051 887 1113 921 Sic
1137 887 1226 923 Cod.
1249 888 1404 920 Decurt.
1427 886 1513 920 Bos.

53 935 146 970 Ern.
188 933 488 981 (Interpretatur
520 937 559 969 B.
597 938 792 979 ῂμίκιλλος,
831 938 1001 982 ἡμίονος).
1050 937 1210 971 Mic-illus
1243 935 1316 968 Md.
1357 934 1442 967 Asc.
1478 937 1513 967 1.

55 982 155 1017 Crat.
196 986 415 1030 (Micyllus)
454 985 551 1018 Vict.
582 988 612 1022 1,
642 986 675 1018 2.
709 984 834 1018 Lamb.
879 984 1018 1018 Graev.
1061 982 1288 1028 μικκύλος
1323 982 1367 1016 de
1399 981 1514 1015 odini

55 1042 153 1076 susp.
182 1031 271 1067 Sch.
308 1034 452 1075 (Lim),
488 1032 556 1076 qui
584 1035 790 1076 'praeterea
825 1044 858 1067 v.
899 1032 955 1065 sic
988 1031 1246 1076 transposuit:
1286 1043 1329 1063 ne
1361 1031 1515 1063 ridicule

53 1079 294 1123 μικκύλος,
334 1087 374 1113 ut
408 1094 462 1115 me
489 1081 643 1125 puderet
675 1083 740 1113 tui.
784 1081 854 1114 Pro
881 1093 923 1113 m:
949 1080 1046 1115 Vict.
1074 1083 1105 1114 1.
1131 1092 1210 1113 nae.
1251 1079 1325 1112 ΟΠ.
1350 1077 1514 1126 „gewiss

53 1127 220 1173 geschah
247 1141 283 1162 es
311 1129 422 1161 nicht
447 1141 510 1161 aus
547 1128 629 1160 dem
658 1127 825 1166 Grande,
863 1127 935 1161 den
966 1127 1026 1160 Du
1059 1126 1297 1174 argwbhnst,
1330 1126 1384 1158 als
1409 1125 1514 1159 h'zitte

54 1174 118 1206 ich
144 1175 249 1208 mich
277 1176 386 1208 darin
413 1188 451 1210 so
486 1175 594 1208 klein
628 1174 702 1208 wie
741 1175 801 1207 ein
826 1175 1007 1209 Maulesel
1039 1173 1515 1221 zusammengeschmiegt,

56 1222 136 1256 dass
163 1222 226 1255 ich
252 1223 355 1257 mich
383 1235 453 1257 vor
477 1223 547 1256 Dir
572 1221 738 1255 schamte
763 1222 843 1255 und
870 1222 1043 1256 desshalb
1068 1223 1140 1256 Dir
1172 1221 1246 1255 den
1271 1221 1379 1254 Bricf
1401 1212 1514 1253 nicht

54 1270 303 1318 zugeschickt
329 1271 473 1306 h‘a'tte.“
509 1271 752 1315 ἡμίκιλλος
784 1269 938 1303 dorisch
971 1275 1060 1304 statt
1091 1270 1236 1315 ’ἡμίονος
1261 1269 1439 1303 erinnert
1464 1279 1514 1301 an

54 1318 240 1364 ἡμίκερκος
278 1319 418 1364 ἡμίονος
451 1319 512 1353 des
548 1318 671 1352 Nicet.
707 1317 844 1352 Annal.
878 1321 914 1359 2,
949 1321 1006 1359 10,
1045 1323 1149 1352 sonst
1178 1316 1351 1362 κόλονρος
1376 1318 1443 1358 15,
1476 1318 1512 1352 2.

55 1371 184 1399 curtus
209 1367 335 1400 mulus
360 1367 488 1401 Horat.
517 1366 592 1401 Sat.
621 1367 650 1405 l,
676 1368 710 1407 6,
739 1368 818 1402 104.
843 1364 990 1411 ,mni-203
1014 1366 1104 1400 aber
1128 1366 1177 1399 ist
1199 1367 1368 1412 pusillus,
1395 1364 1512 1398 humi-

56 1416 115 1453 lis,
142 1414 326 1449 deminut.
355 1426 430 1448 von
455 1413 557 1460 μικύς
582 1424 630 1446 =
653 1414 788 1459 μικρὸς.
816 1434 858 1440 -
896 1415 1008 1459 πρὸς
1034 1416 1133 1449 ἴσον
1159 1411 1427 1458 ὅμοιόναιιε,
1464 1411 1514 1446 ad

55 1462 251 1505 aequalem
285 1462 542 1506 similemque,
581 1474 629 1494 an
656 1461 796 1495 Meines
823 1461 1024 1496 Gleichen.
1071 1460 1282 1507 ὅμοιόντε
1308 1461 1377 1493 Vir
1403 1461 1514 1495 Doct.

55 1509 95 1542 in
122 1521 242 1557 marg,
271 1511 396 1544 Lamb.
424 1522 542 1544 meae.
571 1511 648 1544 ΟΒ.
684 1528 731 1535 -
769 1511 809 1543 de
835 1512 911 1544 illis
935 1512 1053 1551 libris,
1092 1509 1138 1544 de
1164 1509 1331 1544 Caesaris
1356 1508 1515 1543 Antica-

55 1557 217 1593 ionibus.
259 1558 293 1592 S.
326 1558 414 1590 Anf.
451 1558 514 1591 des
540 1557 663 1605 vorig.
701 1558 762 1592 Br.
795 1576 842 1582 —
876 1571 999 1592 coram
1033 1557 1129 1592 dixi.
1160 1576 1208 1583 —
1241 1557 1381 1599 α’κολ.,
1415 1555 1514 1590 citra

53 1605 355 1645 assentationem,
383 1605 483 1639 ohne
510 1604 806 1639 Schmeichelei.

149 1655 181 1688 2.
231 1655 286 1686 De
302 1655 469 1687 Attica..
485 1656 714 1697 exploratum
732 1652 812 1686 scil.
841 1664 924 1686 eam
950 1653 1047 1687 bene
1073 1653 1215 1696 valere,
1242 1652 1322 1686 dass
1348 1652 1401 1687 sie
1426 1651 1514 1686 v‘dl-

55 1700 115 1748 lig·
138 1701 285 1735 wieder
309 1700 541 1749 hergestellt
576 1701 636 1735 ist.
676 1720 718 1727 -
755 1702 794 1735 de
819 1704 974 1746 integro,
1012 1711 1088 1735 von
1114 1702 1288 1741 Neuem3
1325 1700 1418 1734 weil
1457 1700 1513 1734 sie

55 1749 174 1782 sehon
199 1750 299 1782 {ister
332 1751 399 1782 auf
427 1749 497 1783 der
520 1749 734 1795 Besserung
766 1760 944 1796 gewesen
981 1760 1064 1783 war
1100 1749 1181 1781 und
1215 1748 1353 1782 Cicero
1391 1746 1513 1782 sehon

54 1797 293 1844 mannigmal
318 1798 502 1844 gratulirt
528 1797 643 1831 hatte.
693 1797 881 1832 Wieland
916 1795 1017 1843 gibt:
1056 1808 1133 1829 aus
1171 1796 1353 1830 vollem
1388 1796 1513 1829 Her-

55 1856 150 1880 zen.
201 1845 286 1877 Man
311 1844 454 1878 kb'nnte
480 1844 577 1877 auch
603 1846 644 1878 de
668 1847 811 1889 integro
838 1844 1037 1878 erkl'aren:
1064 1855 1234 1892 wegen
1260 1843 1404 1878 ihrer
1429 1843 1514 1877 Ge-

56 1903 259 1939 nesung,
295 1891 404 1925 ihrer
431 1892 620 1926 restitutio
651 1892 692 1924 in
719 1892 930 1940 integrum,
965 1891 1384 1939 Wiederherstellung.
1423 1891 1510 1938 Vgl.

57 1940 154 1974 Cels.
181 1941 250 1980 111,
276 1942 324 1974 ll:
363 1939 394 1973 si
421 1940 574 1987 integer
605 1941 757 1972 futurus
792 1944 888 1973 esset
922 1950 1047 1987 aeger.
1081 1958 1128 1964 —-
1163 1940 1356 1985 Tigellium
1381 1943 1513 1981 totum,

57 1987 83 2022 i.
101 1999 131 2021 e.
159 1987 298 2029 omnia,
326 1998 421 2031 quae
447 1988 517 2020 tibi
544 1987 588 2020 de
613 1999 674 2021 me
700 1987 842 2020 dixerit
866 1986 1069 2034 Tigellius,
1096 1999 1223 2028 narra,
1250 1986 1400 2022 exhibe.
1433 1988 1512 2020 An-

57 2032 147 2069 dere
185 2035 387 2080 suppliren
423 2039 583 2073 restitue,
619 2037 827 2069 reconcilia.
878 2033 926 2068 So
959 2037 1062 2069 w'are
1096 2035 1231 2069 Cicero
1267 2036 1301 2068 ia
1326 2045 1397 2068 vor
1429 2033 1513 2068 ihm

56 2083 176 2131 hange
214 2094 391 2131 gewesen
431 2083 511 2116 und
544 2082 625 2116 sich
663 2082 769 2116 nicht
805 2081 937 2130 gleich
973 2082 1185 2129 geblieben.
1245 2081 1338 2117 Wie
1373 2083 1513 2116 reimte

56 2131 137 2164 sich
164 2131 225 2165 das
251 2143 298 2164 zu
323 2144 386 2164 nec
410 2136 531 2164 tamen
547 2132 663 2173 flocci
677 2132 787 2175 facio
818 2132 869 2163 im
898 2133 928 2172 §.
954 2133 976 2165 3
1013 2130 1076 2164 des
1101 2131 1225 2178 vorig.
1251 2129 1397 2164 Briefes
1432 2130 1515 2164 und

55 2191 102 2211 zu
129 2179 157 2222 §.
185 2182 204 2213 1
233 2190 290 2212 am
317 2178 425 2212 Ende
451 2179 528 2212 und
554 2181 576 2213 2
601 2178 664 2212 des
690 2181 770 2214 635.
798 2178 888 2214 Br.?
913 2197 958 2203 —
984 2190 1070 2212 nam
1095 2181 1228 2222 pendeo
1252 2182 1382 2219 animi,
1410 2178 1514 2212 denn

56 2226 121 2259 ich
147 2226 322 2260 schwebe
350 2226 510 2260 dariiber
535 2226 576 2259 in
602 2226 900 2273 Ungewissheit,
926 2226 1020 2260 Was
1056 2226 1121 2259 ich
1148 2227 1221 2260 mit
1246 2225 1329 2259 ihm
1357 2226 1514 2259 aufstel-

55 2274 119 2307 len
145 2274 230 2316 soll,
264 2286 328 2307 um
361 2274 442 2307 ihm
475 2274 548 2307 den
581 2274 850 2320 gefa'hrlichen
878 2273 992 2307 Mund
1028 2286 1076 2307 zu
1108 2276 1269 2321 stopfen.
1320 2273 1513 2321 Tigellius

55 2322 110 2355 als
137 2322 357 2356 C'asarianer
382 2322 523 2355 konnte
550 2322 630 2355 ihm
660 2322 760 2355 beim
788 2321 901 2355 C'a’sar
925 2321 1102 2356 schaden.
1127 2323 1253 2357 Ueber
1279 2320 1352 2355 den
1379 2321 1513 2356 Genit.

55 2382 80 2404 s.
109 2369 261 2403 Ramsh.
287 2370 315 2413 §.
345 2373 425 2410 111,
450 2372 484 2406 2.
521 2388 567 2395 —-
599 2369 720 2403 Narro
743 2371 824 2406 tibi.
852 2370 943 2403 Was
968 2369 1116 2403 Neues!
1151 2388 1198 2405 —,
1235 2372 1392 2415 Quintus
1417 2381 1512 2410 cras,

57 2417 218 2460 Quintus
239 2417 342 2450 filius
363 2429 443 2451 cras
454 2418 607 2452 Romam
623 2418 763 2453 veniet.
790 2418 926 2451 Dieser
938 2417 1156 2451 Briefmuss
1169 2418 1248 2452 also
1264 2431 1312 2451 ix.
1328 2417 1411 2452 Kal.
1439 2416 1510 2451 od.

56 2476 145 2498 vom
171 2466 229 2500 23.
257 2465 373 2498 datirt
399 2466 493 2500 sein.
531 2466 623 2500 Ueb.
652 2465 711 2498 die
737 2465 911 2498 Ankunft
936 2464 1055 2498 dieses
1081 2465 1226 2512 iungen
1246 2465 1405 2507 Quintus
1430 2465 1511 2511 vgl,

57 2524 115 2557 ep.
143 2515 225 2553 621,
252 2514 284 2547 2.
320 2514 402 2555 622,
426 2515 459 2549 2.
484 2532 530 2538 —-
556 2516 709 2547 Romam
734 2524 772 2546 se
797 2518 1001 2546 venturum
1028 2524 1110 2546 V111.
1137 2515 1221 2546 Kal.
1251 2513 1341 2553 Oct„
1368 2524 1427 2545 am
1452 2514 1512 2547 24.

56 2558 290 2604 September.
327 2578 370 2585 —
406 2567 437 2594 et
461 2562 714 2601 si...ad1-olet,
749 2560 876 2592 zumal
903 2559 947 2592 da
975 2559 1039 2592 ich
1064 2559 1258 2594 wahrlich
1284 2559 1399 2594 keine
1425 2559 1513 2593 Zeit

55 2619 103 2640 zu
132 2607 324 2641 verlieren
350 2606 458 2650 habe,
483 2608 581 2642 nach
602 2608 697 2642 Rom
724 2620 772 2640 zu
792 2608 986 2648 kommen,
1015 2607 1136 2641 oder
1161 2607 1206 2640 da
1235 2607 1298 2640 ich
1323 2606 1511 2640 wirklich

55 2655 154 2687 doch
191 2656 283 2689 ietzt
315 2655 434 2689 sehon
466 2656 564 2689 nach
597 2656 691 2689 Rom
727 2656 907 2688 kommen
940 2666 1054 2695 muss,
1093 2655 1212 2688 damit
1256 2654 1366 2687 nicht
1398 2654 1512 2688 C'a'sar

56 2702 156 2734 noch
182 2714 254 2735 vor
280 2703 354 2734 mir
380 2703 467 2736 dort
492 2705 716 2751 angeflog-en
743 2703 909 2736 komme.
936 2704 1009 2744 ille,
1038 2702 1174 2736 Caesar
1201 2714 1219 2736 e
1246 2702 1346 2736 bello
1373 2701 1509 2747 Hispa-

52 2749 175 2782 niensi
203 2750 332 2783 redux.
