1795 3081
196 60 257 102 (32
463 54 528 102 M.
567 50 619 101 ’Ῐῖ
661 51 1002 103 CICERONIS
1040 55 1417 105 EPISTOLAE.

196 190 220 216 a
266 180 392 230 patre
430 174 578 214 relicti
615 181 731 224 sunt⁷
782 188 850 214 me
888 175 971 215 tibi
1011 185 1102 215 esse
1141 176 1212 215 vei
1252 175 1658 218 coniunctissimum

197 244 283 272 non
312 233 366 270 iis
397 229 526 269 modo
559 231 715 280 causis,
745 243 855 282 quae
885 228 1074 284 speciem
1114 231 1303 271 habeant
1342 243 1525 289 magnae
1555 247 1658 273 con-

196 288 452 336 iunctionis,
483 283 558 324 sed
587 286 643 325 iis
674 286 821 337 etiam,
861 299 970 338 quae
1001 287 1306 326 familiaritate
1345 294 1388 327 et
1426 297 1659 329 consuetu-

197 343 298 381 dine
327 346 561 381 tenentur:
603 353 733 393 quam
762 342 847 380 scis
877 342 986 380 mihi
1015 341 1374 381 iucundissimam
1406 357 1503 382 cum
1533 352 1660 397 patre

197 405 273 436 tuo
305 403 348 436 et
377 408 589 436 summam
619 397 765 436 fuisse.
824 396 889 436 Ab
929 396 996 435 his
1036 398 1177 435 initiis
1206 404 1356 437 noster
1386 399 1430 437 in
1461 405 1504 438 te
1535 412 1661 438 amor

196 453 420 506 profectus
456 452 579 490 auxit
616 459 845 505 paternam
893 451 1259 492 necessitudinem
1309 460 1352 492 et
1401 466 1452 493 eo
1504 456 1658 510 magiS,

196 505 313 561 quod
342 507 557 557 intellexi,
596 513 646 546 ut
684 508 877 559 primum
916 520 997 561 per
1035 514 1221 547 aetatem
1259 507 1473 549 iudicium
1514 512 1661 549 facere

196 563 408 616 potueris,
449 564 600 615 quanti
639 563 822 615 quisque
852 562 934 601 tibi
964 562 1190 602 faciendus
1221 569 1346 613 esset,
1389 578 1459 604 me
1488 578 1512 603 a
1543 571 1585 604 te
1614 566 1660 603 in

198 619 354 671 primis
398 624 600 670 coeptum
640 630 731 656 esse
768 617 1013 668 observari,
1056 619 1157 668 coli,
1198 618 1339 675 diligi.
1410 619 1661 659 Accedebat

196 686 283 711 non
323 671 548 712 mediocre
596 673 823 712 vinculum
871 684 1004 726 quum
1048 672 1310 725 studiorum,
1358 675 1475 728 quod
1514 677 1659 729 ipsum

196 734 259 768 est
289 741 368 780 per
397 741 441 767 se
462 741 621 783 grave:
654 734 747 767 tum
773 741 927 768 eorum
949 727 1197 767 studiorum
1219 742 1456 783 earumque
1478 732 1658 780 artium,

197 796 306 836 quae
336 795 416 836 per
445 797 489 822 se
520 785 639 836 ipsae
671 797 758 832 eos,
800 785 875 836 qui
913 785 1142 823 voluntate
1183 783 1333 824 eadem
1372 792 1487 837 sunt,
1525 787 1659 826 etiam

155 839 503 881 2familiaritate
546 838 815 877 devinciunt.
898 839 1161 892 Exspectare
1203 846 1246 878 te
1289 841 1502 891 arbitror,
1550 841 1658 880 haec

197 902 286 934 tam
323 895 453 949 longe
493 895 682 946 repetita
720 895 941 947 principia
986 907 1070 946 quo
1108 901 1318 946 spectent.
1389 895 1438 935 Id
1467 897 1659 948 primum

198 963 302 1005 ergo
334 949 508 998 habeto,
549 962 635 987 non
676 951 769 988 sine
807 962 964 1005 magna
1005 951 1206 1002 iustaque
1237 963 1365 989 causa
1394 951 1507 990 hanc
1537 965 1561 990 a
1590 964 1659 990 me

196 1005 660 1044 commemorationem
694 1018 783 1044 esse
814 1007 988 1044 factam.
1057 1004 1102 1044 C.
1141 1005 1269 1044 Ateio
1301 1005 1515 1058 Capitone
1553 1012 1658 1045 utor

196 1060 554 1099 familiarissime.
615 1059 759 1099 Notae
797 1061 880 1099 tibi
922 1067 1023 1099 sunt
1052 1062 1290 1100 varietates
1321 1075 1521 1101 meorum
1550 1067 1657 1100 tem-

196 1129 368 1169 porum.
427 1114 477 1154 In
508 1116 628 1154 omni
659 1129 819 1171 genere
850 1122 893 1155 et
915 1115 1134 1155 honorum
1159 1122 1202 1155 et
1227 1116 1431 1155 laborum
1459 1129 1660 1156 meorum

198 1178 241 1211 et
271 1172 442 1210 animus
474 1177 516 1210 et
547 1181 682 1223 opera
713 1177 755 1210 et
785 1172 1027 1210 auctoritas
1059 1177 1101 1210 et
1130 1173 1289 1227 gratia,
1331 1174 1462 1212 etiam
1495 1185 1563 1211 res
1594 1174 1656 1210 fa-

197 1225 387 1266 miliaris
419 1225 464 1265 C.
497 1225 724 1279 Capitonis
754 1233 929 1279 praesto
969 1227 1055 1265 fuit
1094 1232 1137 1265 et
1176 1227 1326 1279 paruit
1365 1234 1408 1267 et
1446 1228 1658 1279 tempori·

155 1280 276 1322 3b11s
313 1288 356 1321 et
394 1282 599 1320 fortunae
644 1295 777 1321 meae.
837 1282 984 1320 Huius
1022 1283 1296 1334 propinquus
1336 1283 1420 1321 fuit
1450 1281 1503 1320 T.
1534 1282 1658 1320 Anti-

195 1338 331 1376 stius:
385 1337 459 1388 qui
500 1350 633 1388 quum
677 1344 797 1376 sorte
839 1343 1046 1389 quaestor
1084 1337 1395 1377 Macedoniam
1437 1337 1660 1376 obtineret

292 1479 324 1509 1.
379 1489 400 1509 α
426 1479 534 1520 patre
560 1477 682 1509 relicti
705 1480 799 1508 sunt.
866 1475 1001 1509 Cicero
1029 1475 1148 1516 enim,
1190 1481 1232 1506 ut
1258 1475 1340 1518 ipse
1368 1475 1422 1507 ait
1447 1474 1493 1507 ad
1519 1474 1656 1507 Famil.

195 1525 238 1562 X,
266 1527 316 1564 3.,
345 1535 432 1556 cum
461 1524 592 1557 Planci
620 1523 732 1556 domo
763 1528 799 1556 et
825 1522 941 1556 Lucio
970 1523 1109 1555 Planco
1142 1528 1251 1566 patre
1287 1528 1460 1556 senatore
1495 1522 1659 1555 necessi-

195 1572 369 1605 tudinem
397 1571 531 1604 habuit
557 1571 816 1610 constitutam,
843 1576 931 1604 ante
951 1570 1146 1614 aliquanto
1169 1581 1283 1613 quam
1307 1575 1414 1602 natus
1435 1575 1540 1603 esset.
1556 1571 1657 1604 SGH.

195 1640 242 1645 —
282 1622 330 1653 iis
356 1619 429 1652 Md.
458 1620 557 1654 Crat.
586 1619 689 1654 Vict.
719 1621 751 1652 1.
778 1620 812 1653 2.
848 1637 893 1642 —
929 1621 976 1651 iis
1009 1620 1124 1652 modo.
1152 1617 1215 1650 Sic
1250 1618 1367 1662 Neap.
1393 1618 1451 1651 his
1477 1618 1572 1651 Cett.
1611 1636 1659 1642 -—

196 1670 329 1702 hahent
355 1668 456 1701 Crat.
483 1685 531 1691 -—
563 1668 612 1700 iis
639 1669 761 1700 etiam.
808 1666 879 1699 Md.
908 1666 1010 1701 Vict.
1046 1668 1078 1700 2.
1113 1667 1178 1699 his.
1211 1685 1257 1690 —
1283 1665 1414 1709 famil.
1442 1671 1476 1698 ct
1503 1672 1657 1702 consuet,

197 1717 282 1751 eine
308 1715 528 1759 Hendiadys
555 1720 598 1747 st.
627 1713 815 1747 familiari
842 1714 1126 1747 consuetudine.
1154 1733 1200 1737 —
1234 1719 1411 1748 tenentur.
1445 1713 1539 1746 ΕΓΗ.
1569 1712 1656 1747 Sch.

196 1765 290 1797 Liin.
318 1767 511 1797 teneantur·
535 1773 673 1810 wegen
698 1763 866 1796 habeant.
899 1780 945 1786 —
983 1775 1050 1806 per
1086 1767 1255 1803 aetatem,
1292 1761 1476 1808 vermoge
1512 1761 1658 1795 Deiner

197 1812 321 1846 Iahre.
348 1830 394 1835 —
420 1814 572 1852 artium,
599 1809 882 1855 philosophiae,
917 1810 1128 1851 oratoriae3
1170 1820 1259 1843 nam
1295 1810 1454 1843 Plancus
1489 1808 1656 1857 insignis

195 1866 326 1894 ‘orator
351 1859 436 1892 fuit.

290 1920 323 1954 2.
370 1920 577 1964 principia,
622 1917 802 1966 Eingang
836 1917 899 1952 des
928 1917 1061 1952 Briefs.
1102 1935 1147 1942 —
1182 1917 1311 1952 habeto
1342 1927 1390 1950 Ξ
1423 1917 1528 1950 scito.
1581 1917 1656 1950 Ein

195 1967 380 2023 gewisser
406 1967 605 2009 Antistius,
632 1966 701 2000 der
728 1966 855 2014 einige
878 1966 962 1999 Zeit
986 1965 1110 2001 wider
1129 1967 1241 2001 C‘zisar
1266 1965 1438 2013 gedient,
1466 1965 1556 1998 aber
1581 1976 1657 1998 von

195 2016 279 2049 ihm
317 2015 377 2048 die
403 2015 629 2048 Erlaubniss
666 2014 843 2048 erhalten
882 2013 1001 2055 hatte,
1037 2014 1135 2046 nach
1161 2013 1256 2047 Rom
1291 2012 1655 2052 zuriickzukehren,

194 2075 277 2097 war
312 2063 379 2096 auf
410 2062 497 2095 dem
524 2062 650 2110 Wege
689 2062 905 2109 gestorben.
965 2062 1102 2095 Dieser
1135 2061 1239 2095 hatte
1275 2061 1362 2094 dem
1398 2061 1533 2105 Capito
1571 2061 1661 2093 fiinf

194 2111 370 2145 Sechstel
397 2110 519 2144 seines
544 2111 782 2158 Verm'ogens
807 2109 1030 2150 vermacht3
1069 2108 1255 2142 wesshalb
1282 2108 1417 2143 Cicero
1445 2108 1519 2141 den
1546 2107 1658 2141 Plan-

195 2171 258 2192 cus
294 2158 487 2204 inst'a'ndig
518 2157 642 2200 bittet,
689 2170 726 2192 es
760 2158 861 2192 beim
895 2158 1008 2193 C’zisar
1042 2157 1361 2197 durchzusetzen,
1405 2156 1485 2189 dass
1521 2156 1655 2200 Capito

195 2207 298 2240 diese
324 2205 531 2240 Erbschaft
554 2211 733 2240 antreten
760 2206 893 2247 diirfe3
921 2205 1015 2239 iiber
1042 2205 1105 2238 das
1131 2205 1246 2238 letzte
1273 2203 1447 2238 Sechstel
1474 2203 1543 2238 der
1558 2203 1655 2237 Erb-

194 2254 320 2288 schaft
345 2253 400 2288 sei
425 2265 464 2287 so
491 2253 696 2298 disponirt,
733 2253 812 2288 dass
840 2266 877 2287 es
903 2252 1049 2301 taglich
1084 2252 1282 2286 confiscirt
1318 2251 1477 2285 werden
1512 2251 1654 2285 konne-

194 2303 321 2336 Ueber
357 2302 396 2337 C.
432 2302 563 2336 Ateius
596 2302 741 2346 Capito,
781 2302 856 2336 den
884 2301 1120 2342 C'a'sarianer,
1161 2313 1187 2333 s.
1224 2300 1268 2332 ad
1294 2299 1442 2332 Divers.
1485 2299 1594 2339 V111‚
1621 2300 1653 2333 8.

194 2352 282 2391 (223
318 2349 358 2384 h.
395 2349 471 2391 ed.)
519 2368 566 2374 —
616 2353 814 2384 varietates
849 2361 1007 2384 meorum
1044 2354 1260 2393 temporum.
1312 2347 1399 2380 Non
1433 2347 1555 2380 solum
1590 2346 1655 2379 hie

195 2398 375 2433 exsilium
401 2395 604 2445 significat,
631 2397 696 2431 sed
724 2409 855 2431 omnes
886 2409 1017 2431 rerum
1044 2407 1196 2429 suarum
1222 2394 1514 2428 vicissitudines.
1552 2395 1652 2428 SCH.

193 2465 240 2471 --
265 2448 445 2487 laborum,
473 2455 565 2490 quos
592 2445 627 2478 ei
655 2445 807 2479 Clodius
831 2446 1070 2490 potissimum
1099 2448 1352 2477 contraxerat.
1382 2442 1483 2478 SCH,
1516 2461 1562 2466 -—
1587 2455 1654 2486 pa-

192 2498 282 2534 ruit,
308 2494 382 2529 wie
410 2494 509 2528 Orat.
537 2504 609 2538 pro
636 2492 803 2526 Deiotar.
830 2505 859 2527 c.
888 2496 921 2527 5.
952 2493 1179 2526 utilitatibus
1206 2494 1279 2524 tuis
1300 2493 1441 2534 paruit.
1492 2490 1555 2524 Sic
1577 2489 1652 2523 Md.

191 2542 309 2587 Neap.
346 2543 431 2578 Asc.
472 2545 505 2576 1.
544 2541 643 2575 Crat.
680 2541 779 2575 Vict.
815 2544 848 2577 2.
893 2540 1031 2575 Benetl.
1066 2538 1151 2573 Sch.
1190 2540 1285 2572 Liin.
1318 2540 1447 2583 patuit
1480 2538 1586 2575 Vict.
1622 2541 1651 2571 l.

191 2590 319 2624 Lamb.
349 2590 484 2625 GraeV.
512 2588 607 2622 Ern.
639 2590 712 2623 ΟΒ.
741 2609 787 2614 -
813 2595 980 2636 tempor„
1010 2588 1154 2635 Lag-en.

285 2652 318 2684 3.
370 2651 477 2684 Titus
502 2652 698 2692 Antistius,
739 2655 915 2695 quaestor
949 2647 1189 2682 Macedoniae
1223 2645 1337 2679 initio
1376 2644 1470 2679 belli
1509 2645 1652 2686 civilis,

189 2697 381 2744 Corcyrae
426 2703 597 2732 mortuus
641 2705 706 2732 est.
777 2700 885 2732 Pater
929 2695 1140 2731 consularis
1184 2695 1301 2728 fuisse
1326 2694 1492 2733 videtur,
1538 2705 1651 2737 quein
