1795 3081
210 93 304 140 178
474 85 543 134 Μ.
566 85 622 134 Τ.
659 40 1005 131 CICERONIS
1041 77 1426 130 EPISTOLAE.
1744 0 1769 179 g

208 213 284 253 vir
314 217 357 251 et
386 221 520 262 quum
548 204 809 255 virtutibus,
853 209 947 243 tum
987 202 1120 242 etiam
1149 203 1345 251 fortuna,
1388 201 1425 239 si
1454 199 1561 253 quid
1590 201 1674 241 hoc

208 268 264 306 ad
292 280 386 307 rem
415 264 624 318 pertinet,
669 266 878 300 ornatus:
931 271 1054 297 meus
1091 265 1238 296 autem
1278 262 1344 295 est
1379 257 1674 296 familiarissi-

209 336 320 371 muS,
363 322 427 359 sic
468 331 666 373 prorsus,
718 322 769 354 ut
817 314 960 352 nostri
999 311 1169 351 ordinis
1212 313 1417 351 observet
1456 313 1675 352 neminem

208 377 480 432 diligentius,
539 374 687 426 Quare
725 377 775 410 ut
812 377 856 409 et
884 382 1030 408 meum
1060 369 1251 406 amicum
1294 372 1338 406 et
1379 373 1456 406 tua
1492 366 1676 423 dignum

208 432 406 472 amicitia
438 430 523 470 tibi
555 425 825 468 commendo,
885 424 969 464 Cui
1007 425 1342 476 quibuscunque
1381 423 1513 461 rebus
1557 435 1676 463 com-

207 486 475 536 inodaveris,
506 485 591 526 tibi
624 484 828 537 profecto
860 478 1117 532 iucundum,
1159 478 1270 519 mihi
1307 484 1428 518 certe
1459 478 1547 518 erit
1574 491 1676 535 gra-

208 549 314 583 tum.
365 541 502 588 Vale.

260 688 581 742 EPISTOLA
618 685 1056 738 CCCCLXXXIV.
1092 681 1174 746 (ad
1209 684 1324 733 Div.
1358 682 1496 735 XIII.
1535 685 1632 743 lli.)

520 801 603 838 scr.
631 800 774 836 Romae.
799 799 842 834 A.
870 801 913 836 U.
944 799 985 834 c.
1011 801 1093 835 708.
1139 800 1191 843 (a.
1218 798 1258 833 o.
1285 799 1365 841 46.)

209 891 323 934 Petit,
349 894 393 924 ut
421 887 664 923 exactionem
701 884 781 919 eius
815 883 1015 929 pecuniae,
1050 895 1166 928 quam
1193 883 1235 917 L.
1263 881 1441 917 Straboni
1468 882 1505 916 P.
1532 880 1674 916 Corne-

402 937 478 971 lius
503 935 626 977 debet,
659 943 727 967 suo
761 932 889 966 studio
923 937 961 965 et
987 931 1194 980 diligentia
1219 935 1340 965 curet.
1379 932 1484 967 1—2.

711 1015 892 1052 CICERO
935 1014 1096 1050 BRUTO
1140 1014 1176 1049 S.

320 1106 372 1144 L.
402 1102 529 1142 Titio
559 1100 794 1152 Strabone,
825 1101 973 1154 equite
1002 1099 1202 1140 Romano
1231 1100 1277 1138 in
1306 1100 1462 1152 primis
1490 1098 1675 1138 honesto

209 1166 254 1201 et
283 1166 458 1210 ornato,
488 1158 836 1197 familiarissime
864 1163 983 1196 utor.
1042 1155 1201 1194 Omnia
1230 1154 1341 1193 mihi
1380 1168 1479 1193 cum
1517 1166 1568 1194 eo
1607 1155 1674 1192 in-

210 1215 445 1255 tercedunt
474 1215 574 1252 iura
602 1225 796 1251 summae
826 1210 1175 1251 necessitudinis.
1233 1210 1354 1249 Huic
1389 1211 1436 1248 in
1466 1216 1543 1249 tua
1570 1221 1674 1262 pro-

208 1272 358 1311 vincia
388 1270 620 1323 pecuniam
650 1267 781 1307 debet
810 1268 854 1307 P.
886 1267 1133 1306 Cornelius.
1197 1266 1258 1304 Ea
1287 1279 1357 1305 res
1391 1278 1417 1305 a
1445 1265 1673 1314 Volcatio,

167 1327 288 1379 2qui
318 1326 484 1364 Romae
523 1325 592 1362 ius
622 1322 749 1373 dicit,
792 1323 959 1362 reiecta
998 1323 1044 1360 in
1075 1321 1267 1361 Galliam
1306 1327 1382 1360 est.
1439 1321 1546 1359 Peto
1576 1333 1601 1358 a
1630 1326 1675 1359 te

209 1382 294 1420 hoc
324 1380 597 1435 diligentiUS,
627 1390 761 1430 quam
787 1379 825 1416 si
854 1391 951 1417 mea
980 1389 1051 1416 res
1081 1382 1207 1427 esset,
1238 1389 1324 1428 quo
1355 1381 1419 1415 est
1446 1375 1674 1414 honestius

209 1436 262 1475 de
292 1436 536 1475 amicorum
564 1434 753 1486 pecunia
790 1433 1014 1483 laborare,
1059 1444 1188 1484 quarn
1227 1431 1281 1471 de
1321 1444 1413 1481 sua,
1452 1437 1503 1470 ut
1539 1443 1673 1486 nego-

209 1493 323 1531 tium
365 1488 685 1529 conficiendum
725 1501 868 1540 cures,
906 1489 1001 1541 ipse
1036 1488 1264 1540 suscipiaS,
1311 1487 1531 1542 transigas
1569 1498 1672 1540 opc-

210 1635 248 1665 et
272 1641 412 1672 mores,
453 1628 605 1662 ehrbar.
632 1647 679 1653 —
696 1626 870 1672 fortuna,
899 1627 1200 1674 Gliicksgiitern.
1235 1644 1283 1650 —
1316 1629 1350 1661 si
1383 1627 1473 1671 quid
1501 1626 1534 1660 lz.
1567 1627 1618 1660 ad
1640 1638 1671 1661 r.

208 1683 320 1725 pert„
345 1689 462 1712 wenn
491 1676 629 1709 anders
656 1676 757 1709 diese
792 1675 863 1708 mit
888 1675 930 1708 in
959 1674 1152 1721 Anschlag
1178 1673 1360 1707 kommen
1386 1674 1553 1708 konnen.
1604 1675 1675 1707 Mi-
1733 1677 1744 1688 ‘⁸

210 1727 311 1775 tigat
333 1725 409 1758 hoc
434 1724 622 1769 posterius
647 1723 861 1757 membrum
888 1729 1050 1768 propter
1074 1722 1237 1763 Sto'i‘cos,
1276 1722 1342 1766 qui
1375 1723 1550 1756 fortunae
1576 1722 1673 1758 bona

209 1786 288 1807 non
325 1777 536 1818 posuerunt
581 1772 622 1805 in
658 1771 762 1805 veris
800 1771 911 1805 bonis
954 1771 1020 1804 vel
1062 1770 1309 1804 ornamentis,
1368 1769 1508 1804 Brutus
1546 1775 1672 1805 autem

208 1823 371 1856 Sto'i'cus.
398 1840 445 1846 —
469 1823 586 1853 nostri
611 1820 636 1852 i.
664 1831 694 1853 c.
722 1818 907 1853 senatorii
932 1819 1088 1853 ordinis.
1109 1837 1156 1842 -—-
1185 1820 1255 1851 Cui
1273 1820 1367 1864 quib.
1392 1821 1461 1852 reb.
1483 1821 1671 1863 commod„

208 1870 303 1905 Was
337 1870 401 1901 fiir
427 1867 733 1915 Gefzilligkeiten
759 1868 817 1900 Du
850 1866 931 1900 ihm
959 1867 1058 1900 auch
1084 1866 1261 1913 erzeigen
1287 1867 1461 1900 diirftest.
1503 1879 1673 1902 commo·
1765 1900 1767 1911 Α

210 1918 301 1951 dare
327 1917 416 1950 hier
441 1916 496 1949 als
522 1916 640 1952 Verb,
670 1916 828 1949 intrans
855 1927 943 1948 cum
969 1916 1051 1949 Dat.
1079 1925 1124 1945 --·“
1151 1915 1368 1948 Ieinandem
1390 1915 1552 1963 gefzillig
1576 1916 1668 1950 sein.
1728 1936 1731 1941 ι
1765 1938 1767 1947 .

208 1966 323 2000 Sonst
347 1964 470 1997 findet
494 1963 576 1996 sich
602 1962 700 1996 auch
727 1963 970 1997 commodare
996 1975 1089 1997 rem.
1116 1982 1162 1987 ——
1186 1964 1279 1996 mihi
1301 1968 1394 1997 certe
1416 1967 1487 1997 erit
1507 1969 1670 2010 gratum,

1764 1980 1766 2002 1

210 2013 319 2047 mich
347 2012 586 2059 wenigstens
613 2011 715 2046 wird
741 2023 778 2045 es
804 2023 875 2044 zur
899 2010 1161 2045 Dankbarkeit
1186 2011 1459 2055 verpssichten.
1764 2023 1766 2058 !

1764 2074 1765 2091 l

1764 2095 1765 2114 l

305 2087 337 2118 1.
392 2084 874 2121 Omnia...necessitudinis‚
907 2082 970 2116 ich
1005 2081 1108 2116 stehe
1146 2082 1218 2115 mit
1252 2081 1331 2114 ihm
1366 2083 1407 2116 in
1443 2083 1565 2118 einem
1592 2085 1669 2118 sol-

211 2131 311 2165 chen
336 2130 588 2175 Verhiiltniss‚
615 2132 696 2165 dass
724 2144 766 2165 cr
790 2131 908 2172 Alles,
933 2142 1041 2165 wozu
1066 2131 1126 2164 die
1153 2130 1433 2164 Freundschaft
1457 2133 1668 2178 verpflich-

210 2185 277 2221 tet,
314 2190 390 2213 von
426 2179 503 2212 mir
535 2192 584 2212 zu
618 2185 809 2214 erwarten
844 2178 1063 2226 berechtigt
1098 2179 1156 2212 ist.
1187 2197 1233 2203 —
1269 2180 1304 2213 P.
1340 2181 1535 2224 Cornelius,
1572 2182 1669 2216 civis

210 2227 415 2268 Romanus,
441 2227 482 2260 in
509 2227 637 2261 Gallia
665 2228 857 2272 Cisalpina
887 2228 1119 2275 negotiator.
1148 2247 1189 2251 —
1225 2240 1249 2260 a
1273 2228 1315 2260 L.
1346 2229 1512 2263 Volcatio
1536 2230 1666 2271 Tullo,

210 2275 291 2317 der,
318 2275 392 2310 wie
418 2275 597 2318 bekannt,
623 2287 699 2309 von
726 2276 837 2309 C'aisar
861 2287 909 2308 zu
934 2276 1029 2309 Rom
1055 2275 1109 2308 als
1135 2276 1268 2308 Pr'zitor
1293 2278 1364 2310 708
1388 2276 1540 2311 bestellt
1574 2289 1665 2312 war.

209 2342 256 2348 ——
283 2326 338 2357 ius
364 2324 469 2364 dicit,
510 2323 665 2358 iudiciis
703 2329 863 2368 praeest.
903 2342 944 2348 -—-
984 2326 1116 2356 reiecta
1142 2327 1180 2357 in
1209 2325 1372 2357 Galliam
1397 2329 1461 2366 est,
1495 2326 1543 2358 ist
1567 2326 1664 2359 nach

212 2371 371 2405 Gallien
396 2371 609 2405 verwiesen
634 2372 804 2406 worden.
850 2371 989 2406 Noluit
1012 2371 1206 2404 Volcatius
1230 2375 1385 2415 praetor
1420 2373 1501 2417 ipse
1526 2374 1666 2409 Romae
1695 2398 1698 2399 ν

209 2418 308 2452 hanc
334 2430 416 2453 rem
443 2419 664 2462 diiudicare,
704 2420 768 2453 sed
805 2431 953 2454 causam
987 2419 1125 2453 reiecit
1158 2419 1203 2452 ad
1228 2419 1387 2453 Brutum
1414 2422 1564 2456 Galliae
1590 2422 1666 2456 hoo

210 2473 386 2511 tempore
411 2468 660 2511 praefectum,
702 2473 834 2512 utpote
861 2467 929 2512 qui
964 2467 1200 2501 commodius
1238 2467 1283 2501 de
1313 2480 1355 2502 ea
1391 2481 1432 2504 re
1459 2470 1664 2504 decernere

209 2519 346 2561 posset.
374 2516 474 2549 SCH.
514 2515 640 2549 Ueber
666 2516 868 2550 Volcatius
895 2528 920 2549 s.
950 2526 1007 2560 ep.
1035 2517 1116 2555 469,
1142 2518 1164 2550 sl
1189 2528 1224 2548 u-
1252 2528 1278 2549 s.
1306 2528 1355 2550 w.

303 2576 335 2609 2.
387 2575 427 2607 de
450 2578 606 2620 pecunia
633 2577 763 2617 labor„
804 2576 843 2608 in
870 2574 1113 2610 Geldsachen
1146 2577 1210 2608 fiir
1244 2578 1370 2610 uns're
1396 2576 1571 2611 Freunde
1603 2576 1664 2611 be-

209 2627 360 2670 sorgter
383 2634 431 2655 zu
457 2623 536 2656 sein
562 2623 616 2656 als
642 2625 706 2656 fiir
730 2637 800 2657 uns
826 2624 952 2657 selbst.
985 2641 1029 2649 -
1065 2624 1187 2667 confic.
1217 2636 1328 2666 cures,
1363 2624 1458 2658 ‹liess
1486 2625 1665 2658 Gesch'a'st

208 2669 416 2703 abmachen
443 2682 491 2703 zu
519 2671 652 2705 lassen.
681 2670 716 2704 S.
744 2672 893 2706 Ramsh.
920 2673 946 2715 §.
973 2674 1054 2711 171,
1082 2672 1133 2713 ΙΙ,
1160 2673 1204 2712 Α,
1231 2675 1265 2707 3.
1295 2672 1441 2707 Grotes.
1468 2674 1495 2716 §.
1524 2674 1605 2715 323,
1631 2674 1663 2707 b.

209 2720 348 2764 —ipse
374 2718 511 2762 potius,
540 2719 661 2753 oder
688 2719 768 2755 imo
797 2722 874 2766 ipse
898 2724 1087 2768 suscipias.
1113 2739 1159 2746 -
1185 2725 1316 2758 trans„
1340 2720 1590 2755 verbandeln.
1619 2741 1665 2747 —
