1795 3081
257 108 356 154 414
520 104 585 152 Μ.
620 104 674 152 Τ.
711 101 1056 155 CICERONIS
1090 104 1472 157 EPISTOLAE.

256 238 434 267 servum
481 239 608 266 suum
647 238 730 280 pro
764 239 860 266 mea
898 232 1025 280 parte
1059 226 1270 268 Hetereio
1313 227 1489 269 cuidam
1535 227 1719 269 fundum

255 282 571 332 Brinnianum3
603 287 653 321 ut
681 283 774 335 ipse
803 282 844 320 ei
872 280 1063 322 Puteolis
1094 289 1213 322 recte
1241 285 1462 338 mancipio
1492 282 1598 324 dare
1627 298 1721 337 pos-

256 343 332 378 set.
391 337 501 375 Eum
529 349 718 381 servum,
750 337 787 375 si
816 336 898 375 tibi
926 336 1164 385 videbitur,
1201 337 1257 377 ad
1293 352 1363 378 me
1394 340 1553 379 mittes.
1615 340 1722 393 Opi-

212 390 337 431 3nor
365 393 480 431 enim
509 390 564 431 ad
599 397 642 432 te
677 392 807 431 etiam
844 394 1073 446 scripsisse
1111 392 1378 433 Vestorium.
1436 392 1503 435 De
1531 393 1721 435 adventu

254 447 450 488 Caesaris
480 445 610 496 idem,
640 444 754 501 quod
783 460 807 485 a
838 453 893 494 te,
937 448 1045 487 mihi
1084 449 1296 501 scriptum
1326 453 1391 487 est
1417 449 1473 488 ab
1505 449 1648 503 Oppio
1678 455 1721 490 et

252 502 400 541 Balbo.
459 500 606 540 Miror
635 507 678 541 te
707 500 922 541 nihildum
946 515 1043 541 cum
1064 502 1269 559 Tigellio,
1299 503 1425 543 velut
1454 504 1534 544 hoc
1557 506 1718 558 ipsum,

254 561 464 610 quantum
502 557 747 610 acceperit:
791 569 969 609 prorsus
999 571 1106 597 aveo
1137 560 1267 608 scire,
1307 572 1386 598 nec
1416 565 1560 599 tamen
1590 560 1720 599 flocci

212 612 383 652 4faci0.
429 611 628 664 Quaeris,
658 609 764 665 quid
783 614 969 667 cogitem
998 611 1051 652 de
1079 613 1452 662 obviam-itione;
1484 613 1590 668 quid
1619 629 1718 655 cen-

255 680 337 717 ses,
383 667 469 706 nisi
507 666 708 706 Alsium?
752 672 795 706 et
838 666 1015 720 quidem
1059 665 1113 707 ad
1149 668 1384 708 Murenam
1429 667 1480 709 de
1527 670 1718 723 hospitio

254 724 540 776 scripseram:
573 721 647 762 sed
675 723 834 775 opinor
864 735 965 761 cum
984 721 1129 763 Matio
1159 724 1420 777 profectum.
1479 722 1717 764 Sallustius

210 779 391 832 5igitur
427 778 672 831 urgebitur.
731 776 905 830 Scripto
941 779 1028 816 iam
1065 780 1292 831 superiore
1331 780 1564 830 versiculo,
1608 780 1718 819 Eros

251 833 359 871 mihi
401 830 514 871 dixit
554 832 638 872 sibi
681 831 917 872 Murenam
959 833 1263 873 liberalissime
1299 834 1588 887 respondisse.
1657 835 1718 875 Eo

250 889 391 942 igitur
420 893 609 927 utamur.
668 886 782 926 Nam
811 885 945 926 Silius
976 888 1161 927 culcitas
1191 902 1275 926 non
1304 889 1446 928 habet.
1504 887 1618 929 Dida
1642 903 1718 929 au-

251 949 354 993 tem,
384 943 558 996 opinor,
588 942 832 996 hospitibus
862 947 996 981 totam
1024 943 1178 983 villam
1209 946 1436 984 concessit.

315 1032 639 1082 EPISTULA
673 1032 1039 1082 DCXXXVIII.
1108 1033 1192 1093 (ad
1225 1034 1327 1081 Att.
1365 1034 1500 1082 XIII.
1536 1036 1642 1093 51.)

363 1096 444 1131 Ser.
472 1098 515 1130 in
540 1097 758 1132 Tusculano
786 1097 900 1130 initio
927 1096 1030 1142 Sept.
1060 1098 1101 1134 A.
1131 1100 1177 1133 U.
1205 1099 1243 1134 C.
1271 1101 1350 1134 709.
1386 1102 1436 1138 (a.
1465 1100 1504 1133 C.
1531 1101 1607 1141 45.)

250 1145 306 1180 De
340 1145 502 1190 epistola
538 1145 584 1179 ad
620 1145 818 1179 Caesarem
859 1145 1014 1189 scripta.
1055 1149 1089 1180 1.
1126 1146 1172 1180 de
1208 1146 1359 1180 Atticae
1393 1147 1634 1190 valetudine3
1671 1147 1717 1182 de

576 1193 767 1241 Tigelli03
808 1193 853 1227 de
881 1193 1010 1235 Quinti
1037 1193 1112 1226 filii
1139 1194 1316 1228 adventu.
1351 1195 1386 1231 2.

750 1240 928 1275 CICERO
963 1241 1143 1276 ATTICO
1177 1241 1214 1276 S.

359 1289 428 1331 Ad
457 1290 696 1346 ¹Caesarem
739 1304 869 1344 quam
903 1291 1007 1329 misi
1046 1292 1289 1344 epistolam,
1333 1291 1425 1331 eius
1475 1293 1718 1346 exemplum

248 1392 292 1416 er
317 1380 525 1415 denselben
559 1379 704 1413 sodann
731 1391 778 1412 zu
805 1380 956 1414 Puteoli
991 1381 1078 1414 dem
1107 1380 1250 1414 Kaufer
1284 1381 1326 1413 in
1362 1380 1531 1414 meinem
1566 1381 1717 1414 Namen

247 1428 414 1476 geh'o‘rig
446 1427 667 1475 iibergeben
702 1427 877 1462 k611ne.“
928 1429 1006 1462 Der
1032 1427 1172 1461 sklave
1207 1428 1337 1462 stellte
1374 1428 1453 1462 also
1487 1427 1548 1461 bei
1586 1427 1717 1461 dieser

249 1477 462 1523 Handlung
486 1487 534 1509 zu
561 1476 657 1509 Rom
684 1475 818 1509 seinen
844 1475 1098 1510 abwesenden
1126 1476 1269 1516 Herrn,
1305 1475 1384 1509 und
1411 1475 1622 1516 Vestorius,
1657 1476 1714 1509 als

250 1524 417 1559 Cicero’s
443 1522 791 1571 Gesch'ziftstr'ager,
828 1536 877 1557 zu
904 1524 1053 1558 Puteoli
1089 1523 1162 1557 den
1188 1523 1440 1558 abwesenden
1466 1523 1603 1558 Cicero
1629 1533 1714 1557 vor.

249 1592 295 1598 —-
318 1585 389 1618 pro
413 1585 493 1606 mea
517 1576 637 1616 parte,
665 1582 754 1604 nam
783 1571 898 1605 etiam
925 1572 969 1605 ad
990 1572 1097 1612 alios,
1124 1581 1218 1615 quos
1234 1570 1395 1605 heredes
1413 1581 1500 1603 cum
1522 1570 1713 1605 Cicerone

249 1620 432 1654 Brinnius
458 1619 686 1662 reliquerat,
713 1619 742 1651 is
770 1619 911 1652 fundus
935 1619 1167 1665 pertinebat.
1206 1619 1290 1653 Vid.
1319 1630 1376 1664 ep.
1404 1620 1485 1654 607.
1513 1619 1615 1651 SCH.

344 1671 378 1703 3.
431 1668 518 1701 Cum
544 1668 699 1712 Tigellio
735 1666 907 1700 locutum
943 1678 1034 1708 esse,
1070 1666 1189 1713 egisse
1222 1665 1267 1700 de
1300 1666 1446 1699 iniuria
1475 1666 1553 1699 eius
1587 1670 1625 1698 et
1650 1676 1712 1699 re-

248 1715 537 1751 conciliatione.
564 1714 679 1749 ERN.
709 1713 746 1748 S.
774 1726 830 1759 ep.
857 1716 940 1757 635,
966 1716 1288 1748 reconciliatione?
1312 1725 1445 1748 woran
1471 1713 1537 1746 hat
1556 1713 1711 1746 Ernesti

248 1763 439 1812 gedacht?
476 1762 567 1809 vgl.
595 1774 643 1795 zu
669 1773 728 1807 ep.
753 1764 836 1805 638,
866 1766 901 1798 3.
935 1781 979 1788 —
1016 1768 1190 1808 quantum
1215 1765 1406 1805 acceperit,
1439 1760 1513 1795 wie
1540 1759 1641 1794 hoch
1669 1772 1712 1794 er

247 1812 354 1846 mein
380 1810 576 1857 Beklagen
602 1810 696 1844 iiber
722 1809 791 1842 ihn
817 1812 1110 1865 aufgenommen
1135 1809 1239 1843 habe.
1287 1810 1379 1842 Ern.
1409 1810 1586 1854 quomodo
1610 1820 1711 1842 acce-

241 1863 344 1906 perit
368 1859 422 1901 id,
449 1858 551 1903 quod
579 1868 648 1906 ego
677 1857 722 1891 de
748 1858 867 1902 ipsius
892 1858 1035 1891 iniuria
1060 1869 1131 1903 per
1155 1863 1192 1890 te
1218 1862 1373 1901 questus
1398 1868 1493 1891 sum.

341 1909 374 1943 ll.
410 1907 450 1941 de
466 1908 770 1947 obviam-itione,
786 1905 879 1941 Was
899 1905 962 1939 ich
979 1918 1115 1954 weg-en
1131 1905 1194 1939 des
1210 1904 1558 1952 Entgegengehens
1574 1916 1710 1953 geson-

247 1967 325 1990 nen
351 1955 419 1989 sei.
461 1952 644 1989 N'zimlich
671 1954 716 1987 ob
744 1965 785 1987 er
811 1954 895 1987 dem
923 1954 1036 1987 C'aisar
1062 1953 1192 1987 werde
1218 1958 1410 2000 entgegen
1437 1952 1569 1988 reisen.
1597 1952 1630 1987 S.
1648 1964 1708 1997 ep.

244 2007 327 2046 631,
354 2007 385 2038 1.
421 2002 547 2037 Ueber
574 2002 638 2035 das
663 2001 725 2048 ’ὑφ’
751 2004 786 2036 ἕν
811 2014 837 2038 s.
865 2000 1014 2036 Ramsh.
1042 2003 1068 2045 §.
1094 2003 1176 2043 206,
1204 2001 1245 2038 C,
1272 2003 1306 2042 [1,
1334 2001 1367 2034 b.
1394 2020 1441 2025 —
1465 2003 1540 2034 nisi
1563 2002 1708 2035 Alsium

244 2064 306 2086 me
332 2050 482 2085 obviam
507 2050 666 2091 iturum,
694 2061 771 2084 non
797 2051 911 2092 ultra,
946 2050 1024 2083 wol
1058 2048 1168 2082 nieht
1202 2048 1339 2082 weiter
1374 2049 1429 2082 als
1464 2048 1518 2082 bis
1544 2049 1705 2083 Alsium.

245 2099 351 2133 Diess
376 2109 459 2133 war
485 2098 573 2132 eine
600 2097 708 2132 Stadt
741 2110 789 2131 an
824 2098 893 2131 der
917 2096 1171 2131 Etrurischeu
1203 2097 1329 2131 Kiiste.
1364 2113 1410 2121 —
1447 2097 1498 2129 ad
1519 2098 1708 2131 Murenam

246 2147 270 2183 i.
297 2158 328 2181 e.
364 2147 406 2181 A.
433 2145 658 2180 Terentium
685 2146 901 2181 Varronem
928 2146 1139 2186 Murenam,
1178 2144 1284 2177 cuius
1319 2143 1443 2177 filium
1484 2149 1595 2189 putat
1629 2155 1707 2178 esse

243 2194 434 2228 Manutius
460 2205 560 2234 eum,
599 2194 666 2237 qui
692 2194 824 2227 consul
857 2193 931 2226 fuit
966 2205 1052 2226 cum
1079 2193 1247 2240 Augusto
1273 2194 1355 2227 731.
1389 2191 1473 2225 Vid.
1499 2192 1543 2225 ad
1569 2192 1706 2226 Famil.

242 2243 341 2283 XVI,
369 2244 424 2277 12.
459 2241 565 2283 XIII,
591 2243 649 2277 22.
674 2260 722 2266 —-
748 2244 788 2275 de
812 2242 926 2286 hosp„
964 2253 1029 2274 um
1057 2240 1117 2274 ein
1145 2240 1334 2282 Quartier.
1371 2256 1418 2265 —-
1455 2252 1535 2274 cum
1561 2239 1599 2274 C.
1627 2241 1705 2273 Ma-

242 2294 308 2325 tio.
345 2289 381 2324 S.
409 2300 466 2334 ep.
494 2291 564 2324 356
589 2289 641 2322 im
668 2290 754 2324 Anf.
804 2289 850 2322 ad
874 2289 1013 2322 Famil.
1045 2289 1117 2327 Vl,
1147 2289 1204 2322 12.
1246 2288 1331 2328 VII,
1367 2289 1422 2323 15.
1469 2288 1532 2330 XI,
1564 2289 1622 2322 27.
1659 2287 1705 2321 ad

241 2338 356 2372 Attio.
383 2337 447 2377 IX,
474 2340 533 2374 11.
568 2336 625 2369 Ad
653 2338 766 2371 Attio.
792 2337 894 2378 XIV,
920 2338 954 2371 5.
979 2339 1012 2372 9.
1047 2335 1150 2377 XVI,
1179 2338 1218 2370 11
1247 2335 1365 2369 heisst
1390 2335 1515 2369 dieser
1541 2335 1705 2369 casaria-

243 2398 315 2420 ner
340 2385 520 2419 Calvena.
546 2403 593 2409 —-
619 2386 829 2425 Sallustius,
866 2384 981 2418 n‘aiml.
1009 2384 1048 2420 C.
1074 2383 1278 2417 Sallustius
1304 2383 1461 2428 Crispus
1494 2383 1560 2423 (ad
1587 2383 1702 2420 Attic.

240 2434 306 2475 XI,
332 2434 408 2477 20),
436 2433 499 2466 cui
525 2433 660 2467 Caesar
685 2433 845 2467 ioenovit.
898 2433 953 2467 De
988 2431 1208 2465 inimicitiis
1243 2431 1345 2464 inter
1377 2431 1502 2475 ipsum
1530 2435 1567 2464 et
1592 2431 1703 2464 Cice-

240 2493 378 2516 ronem
404 2480 492 2514 vide
519 2480 673 2517 Corrad.
701 2462 846 2523 Quaen.
870 2492 908 2526 p.
935 2483 1004 2516 113
1029 2491 1132 2524 seqq.
1169 2479 1310 2521 „Silius
1334 2478 1521 2512 Muretus.
1558 2477 1702 2512 Rursus

240 2529 328 2564 Sch.
358 2531 454 2564 Liin.
481 2539 552 2564 see.
579 2540 637 2573 ep.
664 2531 746 2571 533,
773 2532 805 2565 2.
835 2530 938 2563 OR.“
973 2530 1173 2573 urgebitur,
1207 2525 1349 2560 Sallust
1381 2525 1484 2560 wird
1507 2525 1585 2560 also
1612 2525 1702 2560 her-

240 2577 371 2611 halten
398 2579 563 2616 iniissen‚
595 2577 617 2611 i.
646 2588 676 2610 e.
706 2577 786 2611 eius
812 2576 979 2621 hospilio
1004 2576 1100 2609 Alsii
1127 2580 1289 2608 utemur.
1317 2575 1419 2608 SCH.

333 2627 365 2661 5.
416 2628 553 2666 versic„
580 2625 699 2664 Zeile,
726 2644 769 2652 -—
798 2626 921 2659 Silius.
948 2623 1103 2658 Coi-rad.
1122 2634 1220 2666 susp.
1243 2623 1449 2656 Sallustius.
1475 2620 1570 2655 Sane
1596 2624 1699 2654 utro-

239 2673 352 2718 bique
378 2673 424 2707 de
452 2672 583 2707 eodem
609 2672 766 2707 homine
792 2674 948 2706 videtur
973 2684 1049 2705 esse
1075 2681 1214 2704 sermo.
1243 2672 1317 2705 ΟΒ.
1343 2688 1392 2695 -
1425 2671 1588 2708 culcitas,
1615 2667 1698 2701 Kis-

239 2733 316 2755 sen.
355 2723 527 2754 culcitras
552 2720 668 2755 oxon.
699 2724 731 2756 1.
764 2722 846 2755 Asc·
875 2725 907 2755 1.
948 2720 1047 2753 Crat.
1077 2719 1174 2753 oliv,
1205 2719 1281 2752 ΟΒ,
1309 2737 1357 2743 —
1390 2718 1502 2759 Dicla,
1528 2717 1592 2751 ein
1618 2715 1698 2750 Un-

238 2769 460 2805 bekannter.
