1795 3081
239 114 336 160 430
488 113 552 160 Μ.
589 114 641 161 Τ.
680 113 1017 164 CICERONIS
1055 116 1432 168 EPISTOLAE.

240 233 346 271 haec
376 231 658 272 familiariter
688 232 899 286 docteque
929 235 1108 277 rideam.
1182 237 1221 275 Is
1261 244 1310 277 tu
1348 239 1452 288 eris,
1489 240 1694 292 siquam

238 289 429 339 primum
457 289 645 331 veneris.
714 288 840 339 Quod
878 296 929 330 ut
966 293 1115 343 facias,
1153 305 1241 332 non
1285 305 1378 334 mea
1418 292 1574 345 solum,
1619 294 1694 335 sed

238 344 370 382 etiam
400 348 475 382 tua
505 343 716 384 interesse
746 344 956 386 arbitror.

383 523 695 576 EPISTOLA
729 526 1025 580 DCXLVII.
1074 529 1156 590 (ad
1190 529 1304 580 Div.
1339 532 1396 582 V.
1435 532 1536 591 11.)

280 613 362 648 Ser.
387 614 529 649 Romae
554 626 685 650 mense
711 617 866 651 Octobri
890 622 955 652 aut
980 618 1075 654 Νον.
1102 619 1145 653 Α.
1172 620 1217 654 U.
1246 620 1286 654 C.
1314 622 1394 656 709.
1422 619 1469 664 (a.
1497 619 1537 654 G.
1567 620 1643 664 45.)

232 684 446 730 Respondet
481 686 677 731 epistolae,
715 699 811 732 quae
848 700 926 723 non
965 694 1096 730 exstat,
1135 689 1325 725 laudando
1367 695 1519 739 gratum
1544 690 1690 724 Vatinii

233 733 416 775 animum,
443 738 480 768 et
506 734 675 768 studium
701 747 808 769 suum
834 737 958 778 uxori,
996 749 1111 782 quam
1138 738 1208 771 ille
1235 739 1579 780 commendaverat,
1613 749 1688 771 non

231 780 450 816 defuturum
477 782 696 827 pollicetur.
746 784 863 865 Atlgdilt
879 785 1127 869 detpioriysibo
1153 785 1316 833 fugitivo
1344 793 1381 821 et
1406 797 1471 831 spe
1496 785 1687 831 triumphi

819 845 837 865 a
858 844 918 866 lna
939 844 999 867 lcl.
1051 852 1096 858 -“·
1124 858 1133 867 .

597 903 645 939 Μ.
681 902 861 938 CICERO
900 902 1103 938 VATINIO
1141 903 1235 940 ῙΜΡ.
1275 902 1311 938 8.

337 972 475 1013 Grata
502 974 586 1014 tibi
614 987 712 1014 mea
743 988 833 1016 esse
864 976 1010 1014 officia
1039 988 1127 1014 non
1155 977 1316 1016 miror:
1349 978 1539 1032 cognovi
1569 977 1685 1016 enim

226 1033 270 1067 te
299 1030 598 1083 gratissimum
628 1032 851 1078 omnium;
892 1030 1024 1083 idque
1066 1044 1287 1084 nunquam
1325 1031 1477 1072 destiti
1512 1031 1686 1086 praedi-

227 1095 355 1122 care:
396 1097 476 1123 nec
505 1085 623 1124 enim
658 1091 707 1125 tu
736 1085 846 1124 mihi
875 1085 1068 1126 habuisti
1109 1085 1240 1126 modo
1281 1088 1487 1142 gratiam,
1529 1100 1686 1127 verum

226 1139 359 1177 etiam
389 1140 733 1180 cumulatissime
768 1141 975 1181 retulisti.
1039 1141 1334 1194 Quamobrem
1371 1143 1554 1195 reliquis
1599 1144 1687 1182 tuis

225 1194 357 1233 rebus
387 1195 589 1234 omnibus
617 1197 716 1248 pari
745 1210 815 1236 me
843 1195 990 1236 studio
1030 1210 1136 1252 erga
1174 1203 1218 1236 te
1258 1203 1302 1236 et
1338 1196 1488 1237 eadem
1527 1198 1685 1237 volun-

183 1249 209 1289 2
226 1255 315 1288 tate
332 1261 579 1305 cognosces,
613 1250 740 1302 Quod
757 1252 868 1290 mihi
889 1253 1097 1291 feminam
1120 1253 1393 1305 primariam,
1419 1253 1686 1305 Pompeiam,

221 1317 408 1344 uxorem
444 1311 580 1356 tuam,
628 1306 918 1357 commendas,
956 1319 1055 1346 cum
1083 1306 1199 1347 Sura
1233 1314 1387 1346 nostro
1417 1309 1566 1347 statim
1597 1309 1685 1347 tuis

221 1359 366 1399 literis
396 1360 523 1400 lectis
553 1361 727 1401 locutus
756 1376 865 1412 sum,
902 1368 953 1401 ut
982 1364 1023 1402 ei
1053 1363 1161 1401 meis
1197 1362 1347 1402 verbis
1387 1361 1575 1413 diceret,
1617 1369 1683 1413 ut,

222 1413 437 1468 quidquid
466 1427 574 1469 opus
605 1422 730 1468 esset,
767 1418 877 1457 mihi
914 1416 1219 1457 denuntiaret:
1264 1430 1333 1457 me
1372 1419 1533 1468 omnia,
1572 1431 1684 1470 quae

221 1482 272 1509 ea
299 1470 452 1522 vellet,
481 1484 646 1512 summo
674 1471 820 1512 studio
850 1485 1042 1526 curaque
1071 1474 1314 1512 facturum:
1345 1473 1494 1525 itaque
1523 1474 1682 1511 faciam

220 1538 419 1579 eamque,
448 1527 486 1565 si
516 1538 624 1580 opus
653 1540 744 1567 esse
772 1527 1013 1578 videbitur,
1056 1529 1150 1581 ipse
1180 1529 1451 1567 conveniam.
1519 1527 1590 1566 Tu
1619 1534 1683 1568 ta-

218 1594 319 1620 men
349 1582 390 1620 ei
418 1581 553 1621 velim
581 1583 763 1634 scribas,
798 1590 848 1622 ut
875 1584 1044 1623 nullam
1073 1595 1166 1622 rem
1194 1595 1334 1635 neque
1364 1589 1452 1622 tam
1481 1596 1683 1638 magnam

218 1649 359 1688 neque
388 1642 477 1677 tam
506 1650 687 1690 parvam
716 1644 855 1691 putet,
896 1652 1004 1690 quae
1032 1638 1142 1676 mihi
1172 1644 1248 1677 aut
1278 1637 1471 1677 difficilis
1501 1645 1578 1677 aut
1605 1651 1681 1691 pa-

219 1704 318 1730 rum
340 1705 409 1739 me
429 1690 562 1747 digna
584 1692 804 1733 videatur.
844 1695 1016 1743 Omnia,
1047 1706 1156 1745 quae
1185 1694 1231 1731 in
1262 1694 1348 1731 tuis
1379 1693 1509 1732 rebus
1539 1706 1679 1748 agam,

175 1749 262 1790 3et
291 1759 378 1785 non
408 1747 631 1786 laboriosa
659 1749 769 1787 mihi
800 1755 843 1788 et
872 1749 1053 1789 honesta
1082 1747 1363 1787 videbuntur.
1422 1747 1488 1787 De
1508 1747 1677 1800 Diony-

216 1803 298 1851 sio,
330 1802 367 1840 si
397 1814 466 1842 me
496 1815 629 1853 amaS,
661 1805 838 1843 confice.
898 1803 1211 1856 Quamcunque
1241 1803 1281 1842 ei
1319 1802 1448 1842 fidem
1486 1801 1675 1853 dederis,

215 1857 462 1910 praestabo.
520 1856 707 1897 sivero
749 1859 975 1912 improbus
1013 1859 1166 1908 suerit,
1204 1863 1253 1897 ut
1293 1864 1378 1897 est:
1418 1856 1548 1897 duces
1578 1871 1675 1897 eum

212 1971 383 2005 traulich
418 1972 497 2007 und
529 1973 596 2005 auf
625 1971 801 2019 gelehrte
836 1973 905 2006 Art
939 1971 1075 2006 lachen
1108 1972 1298 2006 kb’nntef‘
1361 1971 1476 2006 Beide
1515 1972 1674 2007 Dichter

212 2031 343 2053 waren
368 2019 603 2066 ungeachtet
637 2020 748 2054 ihrer
774 2021 999 2055 komischen
1025 2021 1153 2054 Laune
1185 2019 1265 2052 und
1300 2020 1514 2054 treffenden
1539 2021 1670 2055 Witze

213 2067 341 2101 einem
369 2067 501 2101 Cicero
527 2067 639 2101 nicht
666 2068 846 2102 classisch
878 2080 1018 2117 genug.
1055 2087 1102 2093 ——
1134 2068 1169 2101 Is
1196 2073 1236 2100 tu
1261 2070 1342 2109 eris,
1385 2068 1478 2101 Der
1504 2068 1670 2102 wiirdebt

210 2115 270 2148 Du
295 2114 390 2149 sein.
417 2133 463 2140 --
489 2119 639 2159 veneris,
676 2116 848 2150 redieris.

357 2187 566 2222 VATINIO.
603 2189 639 2224 S.
666 2201 713 2222 zu
742 2201 798 2233 ep.
824 2188 975 2222 DXCIX
1001 2188 1055 2221 im
1083 2186 1167 2220 Anf.

308 2249 338 2281 1.
390 2250 561 2283 retulisti.
610 2248 662 2282 Es
689 2247 838 2282 bezieht
872 2246 955 2281 sich
989 2247 1056 2280 auf
1078 2247 1239 2282 Cicero‘s
1266 2245 1576 2294 Vertheidigung
1603 2247 1665 2281 des

209 2294 385 2329 Vatinius
412 2295 465 2328 im
489 2296 519 2329 1.
546 2299 626 2332 700.
655 2315 701 2321 -
736 2298 896 2342 reliquis,
935 2295 1153 2342 Maru-Lag.
1192 2297 1228 2327 in
1254 2296 1428 2340 reliqui35
1463 2295 1538 2329 wie
1567 2294 1596 2337 §.
1623 2298 1664 2330 2:

207 2346 246 2377 in
273 2347 347 2377 tuis
370 2343 483 2377 rebus.

299 2405 332 2439 2.
384 2404 494 2445 Sura,
532 2404 658 2437 einen)
693 2409 915 2437 vertrauten
951 2402 1262 2449 Freigelassenen
1300 2400 1362 2434 des
1401 2400 1587 2435 Vatinius.
1617 2419 1660 2427 —

205 2463 297 2496 quae
322 2464 364 2486 ea
389 2454 504 2493 vellet,
532 2452 751 2500 Mart-Lag.
778 2464 901 2498 meque
927 2454 1060 2488 onmia,
1088 2462 1174 2495 quae
1200 2450 1312 2482 vellet.
1353 2447 1441 2481 Sch.
1470 2449 1566 2482 Liin.
1608 2462 1663 2484 me

207 2503 342 2541 omnia,
369 2513 459 2545 quae
483 2501 597 2534 vellet.

299 2563 333 2594 3.
384 2561 426 2592 de
450 2562 636 2605 Dionysio.
681 2558 716 2593 S.
753 2571 810 2603 ep.
846 2560 926 2596 593,
952 2560 984 2593 2.
1025 2560 1108 2597 619,
1137 2559 1170 2591 3.
1205 2574 1250 2580 -
1294 2567 1428 2600 quamc-
1458 2553 1541 2599 cis·
1569 2557 1658 2598 ded„

205 2606 299 2641 Was
325 2607 385 2640 Du
411 2607 491 2641 ihm
518 2607 618 2641 auch
643 2608 708 2640 fiir
735 2607 839 2640 mich
867 2606 1125 2650 versprechen
1149 2608 1280 2651 magst,
1309 2603 1395 2635 will
1422 2602 1487 2635 ich
1513 2602 1655 2637 halten.

205 2673 252 2679 -—
277 2657 474 2699 improbus,
499 2655 704 2689 verstockt.
741 2674 790 2680 -—
828 2656 931 2688 duces
958 2665 1035 2687 eum
1062 2654 1249 2696 captivum,
1289 2661 1327 2683 so
1353 2649 1466 2683 fiihre
1493 2650 1561 2682 ihn
1588 2663 1659 2683 un-

206 2708 266 2736 ter
299 2703 370 2736 den
409 2703 659 2750 Gesangenen
697 2703 757 2736 bei
791 2703 951 2736 Deinem
989 2698 1198 2744 Triumphe
1234 2699 1306 2731 auf.
1357 2703 1506 2741 captum
1540 2698 1655 2742 Neap.

207 2751 287 2784 Asc.
319 2754 348 2784 1.
383 2751 522 2785 Bened.
551 2754 737 2797 captivum
770 2751 863 2784 Ern.
895 2751 945 2794 Ν.
991 2749 1092 2782 duces
1116 2751 1209 2780 inter
1235 2749 1396 2791 captivos
1437 2745 1654 2792 Mart,-Lag.

1772 2403 1781 2567 „Q—-fi—
1780 2383 1781 2390 I
1778 2305 1783 2359 ...2-
