1795 3081
247 118 343 166 276
510 116 577 164 M.
615 117 667 163 Τ.
705 115 1045 165 CICERONIS
1079 114 1460 165 EPISTOLAE.

247 242 330 289 nis,
361 239 534 291 quibus,
573 238 610 275 si
640 235 805 275 Romae
834 243 946 277 esset
976 236 1240 290 domumque
1270 236 1550 287 conduceret,
1595 237 1709 290 quod

249 297 393 335 facere
424 292 663 348 cogitabat,
693 292 824 330 facile
855 298 1086 331 contentus
1117 294 1292 331 futurus
1323 299 1433 342 erat,
1464 306 1710 332 accommo-

248 350 320 388 det
350 349 404 388 ad
435 347 657 387 mercedes
685 347 876 402 Argileti
917 353 960 386 et
988 347 1216 386 Aventini:
1259 354 1317 397 et,
1358 361 1490 400 quum
1529 350 1570 387 ei
1607 362 1711 401 pro-

246 405 462 458 posueriS,
494 405 586 455 ipse
614 403 748 442 velim
778 403 951 455 reliqua
981 401 1226 452 moderere,
1264 402 1629 454 quemadmodum
1660 417 1711 443 ex

246 462 300 498 iis
331 458 607 498 mercedibus
633 456 959 510 suppeditemus
991 459 1046 507 ei,
1077 456 1193 509 quod
1224 470 1332 509 opus
1361 459 1430 497 sit.
1474 457 1709 497 praestabo

246 528 325 554 nec
358 515 561 553 Bibulum
592 525 670 551 nec
699 512 949 563 Acidinum,
989 526 1068 551 nec
1098 513 1349 562 BIessalam,
1389 525 1498 564 quos
1527 513 1710 552 Athenis

246 573 421 609 futuros
451 568 597 618 audio,
638 567 825 606 maiores
854 574 1051 620 sumptus
1082 570 1292 618 facturos,
1337 580 1466 619 quam
1505 567 1621 620 quod
1659 582 1710 607 ex

246 627 308 664 eis
338 623 615 663 mercedibus
647 624 901 674 recipietur.
961 622 1113 675 Itaque
1142 624 1278 662 velim
1303 621 1468 671 videas,
1499 625 1707 675 primum,

246 679 538 718 conductores
583 679 657 729 qui
701 679 788 716 sint
827 684 870 717 et
909 680 1090 729 quanti,
1140 677 1311 728 deinde,
1356 683 1405 716 ut
1434 679 1505 728 sit,
1551 679 1626 729 qui
1656 677 1711 717 ad

245 735 361 774 diem
391 735 558 780 solvat3
590 739 646 781 et,
693 732 798 784 quid
826 734 996 784 viatici,
1041 732 1146 785 quid
1185 734 1468 772 instrumenti
1504 735 1609 771 satis
1638 735 1707 773 sit.

244 790 444 829 lumento
475 794 594 827 certe
623 787 805 827 Athenis
836 788 950 825 nihil
986 801 1093 840 opus
1132 794 1208 827 est.
1269 787 1438 839 Quibus
1477 794 1623 827 autem
1662 790 1707 826 in

242 848 316 884 via
343 850 511 893 utatur,
544 842 664 881 domi
693 849 793 882 sunt
812 843 956 896 plura,
988 857 1117 896 quam
1142 856 1249 895 opus
1281 849 1399 882 erat:
1432 842 1550 896 quod
1573 844 1706 883 etiam

242 907 291 940 tu
320 898 651 939 animadvertis.

481 1097 798 1148 EPISTOLA
832 1097 965 1145 Dm,
1022 1064 1103 1155 (ad
1128 1097 1231 1144 An.
1260 1097 1369 1145 ΧΠ.
1406 1098 1476 1156 s.)

386 1187 468 1221 ser.
498 1187 657 1220 Asturae
683 1197 811 1220 mense
838 1186 975 1219 Martio
1002 1186 1044 1218 A.
1072 1186 1116 1219 U.
1147 1185 1187 1219 c,
1214 1189 1297 1222 709.
1339 1187 1387 1228 (a.
1416 1187 1455 1220 C.
1484 1186 1564 1228 45.)

242 1261 297 1295 Do
323 1257 522 1294 Ciceronis
547 1257 630 1290 ‘filii
657 1257 798 1291 itinere
832 1262 869 1291 et
895 1257 1048 1290 comite.
1078 1258 1241 1300 quaerit,
1270 1258 1363 1302 quid
1389 1257 1503 1292 Celer
1528 1255 1708 1290 retulerit

631 1305 827 1340 Caesarem
855 1316 941 1338 eum
971 1305 1177 1338 candidatis
1203 1306 1336 1353 egisse.

741 1376 917 1411 CICERO
950 1376 1130 1410 ATTICO
1167 1375 1203 1410 S.

348 1449 416 1489 De
447 1451 678 1499 Cicerone,
720 1449 873 1487 multis
913 1461 981 1486 res
1011 1448 1184 1500 placet:
1224 1460 1368 1487 comes
1411 1453 1474 1487 est
1503 1447 1701 1488 idoneus.

237 1505 324 1546 Sed
354 1505 406 1546 de
436 1507 580 1558 prima
608 1505 818 1558 pensione
859 1509 960 1542 ante
989 1502 1226 1543 videamus.
1284 1502 1419 1542 Adest
1448 1505 1565 1542 enim
1594 1502 1701 1553 dies,

235 1656 283 1678 w.
315 1642 581 1677 vermiethete.
634 1641 705 1674 Die
738 1639 986 1674 ansehnliche
1013 1639 1155 1673 Miethe
1191 1642 1255 1682 (ex
1280 1638 1338 1672 his
1366 1639 1531 1684 insulis),
1566 1640 1629 1674 die
1656 1651 1699 1674 er

234 1702 309 1724 von
335 1690 378 1723 da
405 1692 537 1738 bezog,
574 1689 687 1722 sollte
714 1688 794 1721 sein
830 1688 936 1721 Sohn
975 1699 1045 1720 zur
1082 1687 1190 1721 Reise
1228 1687 1328 1720 nach
1353 1687 1480 1721 Athen
1508 1687 1584 1720 und
1608 1700 1698 1721 zum

232 1738 479 1771 Aufenthalte
514 1736 675 1770 daselbst
711 1735 951 1769 verwenden.
987 1754 1034 1759 —
1067 1748 1137 1768 non
1173 1739 1351 1781 iniquum,
1386 1735 1464 1768 also
1501 1735 1610 1768 nicht
1647 1747 1697 1768 zu

232 1786 373 1833 wenig.
419 1806 458 1811 —
499 1789 684 1818 contentus
711 1783 868 1827 futurus
904 1788 995 1825 erat,
1034 1781 1156 1816 leicht
1193 1783 1394 1816 zufrieden
1433 1783 1514 1816 sein
1548 1783 1694 1817 wiirde.

232 1833 354 1866 Indic.
383 1833 574 1866 coniunct.
600 1833 695 1865 loco,
721 1850 768 1855 -—
795 1843 835 1863 esc
860 1833 919 1871 iis,
947 1831 1050 1865 Vict.
1082 1834 1111 1864 1.
1139 1831 1205 1865 his.
1225 1849 1263 1856 —
1290 1831 1498 1872 praestabo,
1525 1831 1591 1864 ich
1608 1831 1694 1864 will

231 1881 343 1914 dasiir
368 1880 515 1920 stehen,
552 1879 617 1912 ich
644 1878 879 1912 versichere.
919 1897 967 1902 ——
1003 1878 1256 1922 Calpurnium
1281 1879 1467 1921 Bibulum,
1504 1878 1692 1911 Manlium

229 1930 435 1967 Acidinum,
468 1928 664 1961 Valerium
696 1928 900 1966 Messalam,
935 1925 1004 1960 hos
1043 1925 1300 1959 nobilissimos
1336 1926 1491 1960 iuvenes
1525 1925 1690 1960 Athenas

230 1977 443 2010 studiorum
469 1987 577 2009 causa
599 1975 840 2019 profecturos
859 1974 992 2009 Cicero
1012 1973 1209 2007 audiverat
1246 1973 1425 2008 MANUT.
1453 1973 1690 2013 Bibulus,

231 2025 298 2058 der
324 2024 430 2058 Sohn
467 2023 529 2057 des
557 2022 716 2056 Consuls
749 2034 835 2056 vom
862 2023 890 2058 1.
918 2024 999 2057 695.
1038 2021 1072 2055 S.
1101 2020 1146 2053 ad
1172 2022 1306 2055 Famil.
1334 2022 1386 2061 ΙΙ,
1415 2024 1469 2056 17.
1503 2021 1690 2062 Acidinus,

229 2072 308 2106 wol
344 2072 406 2105 ein
432 2070 686 2104 Verwandter
723 2070 786 2104 des
821 2069 868 2102 ad
894 2069 1030 2103 Famil.
1062 2069 1104 2109 V,
1133 2070 1176 2102 12
1204 2082 1239 2101 u.
1267 2069 1313 2102 ad
1338 2069 1453 2103 Attio.
1480 2069 1541 2111 IV,
1569 2072 1591 2104 3
1628 2081 1689 2102 er-

229 2118 412 2153 w'a‘hnten
437 2118 651 2159 Acidinu55
684 2119 850 2157 Messala,
876 2118 954 2151 wol
981 2117 1060 2155 der,
1094 2116 1268 2150 welcher
1292 2121 1408 2151 unter
1432 2117 1579 2164 August
1604 2116 1688 2150 sich

229 2177 267 2200 so
295 2166 482 2215 gleinzend
507 2164 668 2204 machte‚
696 2165 776 2198 und
806 2166 877 2198 den
904 2165 1022 2198 sehon
1046 2165 1181 2198 Cicero
1210 2165 1261 2197 im
1282 2165 1418 2198 Brutus
1443 2176 1473 2197 c.
1499 2166 1543 2198 15
1567 2164 1685 2208 pries-

226 2232 273 2240 —
299 2218 498 2259 recipietur
522 2214 604 2246 scil.
632 2213 675 2246 ab
701 2213 794 2248 illis.
830 2232 877 2237 —
912 2214 1143 2246 conductores
1170 2213 1259 2253 mei,
1299 2212 1426 2246 meine
1452 2210 1685 2245 Miethleute.

227 2280 272 2288 -
298 2264 432 2308 quanti
468 2261 592 2295 velint
631 2261 850 2294 conducere
887 2260 1059 2294 tabernas
1100 2265 1163 2292 aut
1202 2260 1332 2293 domos
1369 2260 1410 2292 in
1436 2259 1612 2307 Argileto
1649 2265 1686 2293 et

225 2309 433 2344 Aventino.
463 2328 505 2333 —
534 2314 574 2342 ut
598 2311 660 2349 sit,
689 2312 752 2354 qui
777 2310 828 2341 ad
850 2309 943 2341 diem
967 2310 1097 2346 solvat,
1126 2307 1206 2340 dass
1233 2308 1301 2340 der
1326 2306 1583 2340 Miethsmann
1607 2318 1685 2340 von

227 2358 297 2391 der
320 2358 392 2391 Art
417 2357 483 2398 sei,
515 2356 594 2389 dass
621 2367 663 2388 er
689 2357 756 2389 auf
779 2355 851 2389 den
877 2355 958 2402 Tag
984 2356 1043 2388 die
1061 2354 1199 2388 Miethe
1226 2354 1363 2388 zahlen
1389 2355 1526 2388 k‘onne.
1555 2354 1683 2388 Lamb.

224 2407 528 2440 sint...solvant.
568 2403 699 2436 Allein
730 2403 864 2437 Cicero
889 2404 978 2436 fa'llt
1005 2401 1114 2435 nicht
1141 2403 1261 2436 selten
1286 2415 1352 2435 aus
1378 2403 1461 2436 dem
1488 2402 1617 2435 Plural
1643 2402 1684 2434 in

226 2453 299 2487 den
324 2452 518 2500 Singular.
548 2470 589 2476 --
617 2451 705 2496 quid
725 2454 867 2492 viatici,
894 2451 967 2484 wie
984 2450 1078 2485 Viel
1096 2449 1347 2498 Reisegeldes.
1367 2469 1412 2475 —
1439 2453 1682 2492 instrumenti,

225 2500 507 2549 Reiseger'athS.
533 2517 580 2523 -
603 2499 779 2541 lumento,
807 2498 1021 2545 Equipage,
1047 2497 1189 2532 Pferde.

321 2562 353 2593 1.
405 2559 445 2592 de
473 2560 640 2592 Cicerone
676 2556 843 2591 Athenas
881 2557 1081 2591 mittendo.
1152 2557 1285 2591 Comes
1323 2556 1600 2604 intelligendus
1638 2557 1678 2590 L.

224 2607 372 2641 Tollius
399 2607 608 2645 Montanus,
644 2604 690 2639 de
716 2617 790 2649 quo
816 2606 857 2638 in
883 2605 1127 2649 sequentibus
1154 2604 1328 2649 epistolis
1355 2610 1419 2640 est.
1457 2604 1680 2637 ERNESTI.

223 2655 260 2690 S.
289 2666 344 2699 ep.
372 2656 453 2689 582.
494 2672 540 2678 -—
579 2655 618 2686 (le
651 2656 777 2697 prima
810 2655 990 2697 pensione,
1028 2652 1108 2687 Vid.
1136 2664 1191 2696 ep.
1221 2653 1350 2693 DXXI,
1377 2654 1409 2686 5.
1461 2653 1599 2696 Popma
1625 2652 1680 2685 sio

225 2702 407 2746 exponit:
452 2701 646 2748 exig-amus
684 2701 850 2745 primam
894 2701 1117 2744 pensionem
1159 2701 1256 2734 dotis
1283 2712 1302 2733 a
1329 2700 1537 2739 Dolabella,
1575 2705 1679 2733 ante-

223 2760 335 2793 quam
370 2749 598 2783 Ciceronem
632 2748 798 2782 Athenas
834 2747 1040 2782 mittamus.
1080 2747 1116 2781 S.
1145 2760 1190 2781 zu
1224 2759 1280 2793 ep,
1309 2750 1401 2782 528:
1435 2750 1491 2781 De
1519 2749 1600 2781 dote
1628 2766 1674 2772 —-
