1795 3081
199 82 298 128 282
455 76 520 123 Μ.
556 75 608 122 Τ.
646 73 989 125 CICERONIS
1024 74 1405 125 EPISTOLAE.

199 198 514 240 Praeciliorum
544 209 677 236 causa
706 202 749 236 te
785 197 896 236 velle
926 197 1143 246 arbitror,
1188 197 1410 238 addideris
1440 200 1661 240 cumulum

201 252 590 295 commendationis
612 264 747 290 meae.
807 251 976 291 Genere
998 265 1116 291 novo
1147 265 1242 291 sum
1272 255 1503 293 literarum
1537 253 1592 293 ad
1621 260 1663 294 te

198 324 322 357 usus,
360 316 411 350 ut
438 307 707 361 intelligeres
737 320 822 346 non
853 308 1076 361 vulgarem
1108 319 1201 347 esse
1230 308 1660 348 commendationem.

363 446 683 495 EPISTOLA
717 447 874 496 DLV.
943 444 1027 504 (ad
1064 446 1178 495 Div.
1219 448 1352 496 XIII.
1394 448 1493 506 16.)

352 524 434 558 Scr.
462 524 622 558 Asturae
650 535 781 557 mense
805 524 937 568 Aprili
966 524 1005 558 A.
1033 524 1077 559 U.
1107 524 1146 558 C.
1172 527 1252 560 709.
1304 530 1351 566 (a.
1379 524 1416 559 C.
1443 526 1520 566 45.)

199 584 470 633 Apollonium,
497 584 533 616 P.
562 583 687 617 Crassi
714 583 915 625 libertum,
945 583 1098 617 Caesari
1127 585 1168 617 in
1188 585 1376 630 Hispania
1403 591 1538 619 contra
1555 584 1663 618 Pom-

432 630 514 677 peii
542 631 644 665 filios
671 631 817 664 bellum
846 632 1002 678 gerenti
1031 633 1286 667 commendat.
1315 634 1436 667 1-4.

688 690 870 725 CICERO
898 690 1108 725 CAESARI
1137 691 1173 725 S.

311 753 355 792 P.
396 752 604 793 Crassum
646 766 698 792 ex
741 753 858 790 omni
902 754 1129 792 nobilitate
1173 752 1486 794 adolescentem
1530 751 1663 792 dilexi

198 810 461 863 plurimum:
507 815 549 848 et
589 805 641 848 de
677 820 726 847 eo
767 821 901 860 quum
943 809 996 847 ab
1034 810 1215 847 ineunte
1256 812 1348 848 eius
1385 814 1524 848 aetate
1553 809 1664 848 bene

199 865 512 918 speravissem,
558 869 650 902 tum
680 864 870 916 perbene
901 865 1151 902 existimare
1188 866 1333 916 coepi,
1379 866 1431 903 iis
1469 863 1661 913 iudiciis,

199 933 311 973 quae
342 918 394 958 de
425 932 474 958 eo
505 921 692 968 feceras,
740 920 941 971 cognitis.
1001 918 1104 957 Eius
1143 918 1348 957 libertum
1379 919 1662 972 Apollonium

197 977 285 1014 iam
315 981 409 1013 tum
439 973 667 1027 equidem,
700 986 830 1026 quum
861 973 938 1012 ille
967 975 1162 1021 viveret,
1204 981 1246 1012 et
1275 976 1420 1027 magni
1451 974 1662 1012 faciebam

200 1037 244 1070 et
281 1029 531 1083 probabam.
591 1029 697 1067 Erat
733 1029 845 1067 enim
885 1035 927 1068 et
966 1027 1185 1067 studiosus
1218 1029 1362 1068 Crassi
1403 1036 1446 1069 et
1483 1028 1537 1067 ad
1568 1030 1662 1067 eius

199 1087 369 1138 optima
398 1083 541 1123 studia
570 1085 853 1124 vehementer
881 1090 1027 1137 aptus:
1076 1086 1225 1136 itaque
1261 1085 1312 1122 ab
1344 1098 1394 1123 eo
1430 1083 1663 1123 admodum

156 1140 477 1194 2diligebatur.
544 1139 650 1178 Post
688 1145 874 1178 mortem
917 1145 1059 1179 autem
1101 1139 1248 1178 Crassi
1288 1153 1337 1178 eo
1379 1140 1492 1178 mihi
1533 1140 1662 1177 etiam

198 1196 373 1250 dignior
401 1197 522 1234 visus
553 1200 638 1241 est,
686 1208 815 1247 quem
857 1196 902 1233 in
938 1193 1067 1234 fidem
1098 1200 1227 1247 atque
1256 1196 1491 1233 amicitiani
1523 1207 1663 1232 meam

196 1254 459 1304 reciperem,
493 1249 607 1302 quod
635 1263 706 1289 eos
737 1263 761 1288 a
791 1263 834 1288 se
865 1249 1158 1290 observandos
1181 1256 1222 1288 et
1246 1249 1448 1288 colendos
1469 1249 1662 1301 putabat,

197 1320 307 1360 quos
337 1305 413 1345 ille
443 1304 668 1344 dilexisset
698 1311 740 1344 et
770 1305 928 1356 quibus
959 1318 1086 1344 carus
1117 1305 1282 1343 fuisset.
1348 1304 1501 1357 Itaque
1536 1310 1579 1342 et
1608 1303 1662 1341 ad

195 1376 266 1401 me
308 1363 354 1400 in
396 1359 601 1399 Ciliciam
642 1362 765 1400 venit
807 1361 1045 1413 multisque
1085 1361 1130 1398 in
1173 1360 1305 1398 rebus
1348 1360 1461 1398 mihi
1504 1371 1659 1412 magno

196 1418 300 1456 usui
330 1417 414 1455 fuit
445 1421 487 1455 et
515 1414 624 1455 fides
655 1417 747 1455 eius
778 1421 819 1454 et
850 1413 1101 1468 prudentia:
1133 1421 1189 1464 et,
1219 1420 1268 1452 ut
1296 1416 1467 1467 opinor,
1505 1415 1583 1452 tibi
1614 1414 1660 1451 in

195 1470 495 1511 Alexandrino
527 1470 659 1519 bello,
707 1476 916 1523 quantum
956 1470 1100 1510 studio
1137 1477 1179 1511 et
1216 1469 1425 1509 fidelitate
1455 1469 1661 1521 consequi

153 1529 360 1581 3potuit,
395 1539 481 1565 non
514 1525 666 1565 defuit.
726 1525 852 1579 Quod
894 1539 1028 1578 quum
1069 1531 1269 1578 speraret
1308 1532 1350 1564 te
1388 1537 1560 1578 quoque
1599 1526 1662 1563 ita

197 1620 226 1659 §.
256 1619 337 1655 164,
364 1616 435 1657 III,
463 1617 498 1650 7.
524 1634 570 1639 —-
597 1615 712 1648 addid
736 1641 743 1647 .
763 1641 771 1648 .
792 1643 799 1649 .
828 1616 1020 1650 commend.
1048 1628 1159 1654 meae,
1188 1615 1266 1648 und
1281 1616 1406 1649 Deine
1433 1615 1570 1661 eigene
1587 1613 1661 1646 Ge·-

197 1665 393 1713 neigtheit
418 1675 545 1711 gegen
572 1663 635 1696 die
651 1664 842 1696 Pr'acilier
865 1675 912 1695 an
933 1663 1015 1695 sich
1037 1664 1153 1697 selbst
1181 1662 1507 1703 (Vateru.Sohn)
1535 1660 1657 1693 durch

198 1713 313 1747 oder
348 1713 417 1744 auf
447 1711 575 1744 meine
603 1711 875 1757 Empfehlung
907 1711 1007 1743 noch
1043 1712 1213 1758 steigern
1249 1712 1432 1744 wolltest.
1489 1710 1661 1742 szmlus

197 1762 521 1795 commendationis
560 1764 614 1792 est
651 1759 831 1791 cumulus
873 1770 920 1791 ex
960 1759 1309 1792 commendatione.
1360 1756 1580 1791 ERNESTI.
1613 1775 1659 1780 —

200 1811 334 1843 Genere
364 1820 464 1841 novo.
517 1808 631 1841 Casar
665 1818 747 1840 war
783 1806 846 1839 ein
872 1806 1088 1840 Liebhaber
1121 1817 1197 1840 von
1233 1806 1453 1845 Literatur‚
1496 1806 1658 1844 vex-sen,

200 1859 464 1902 Inpromptus.
517 1855 660 1901 Figura
691 1854 907 1898 occupatio.

296 1908 328 1939 1.
379 1903 414 1938 P.
443 1904 611 1936 Crassum
637 1902 812 1935 Liciniae
839 1901 980 1949 gentiS,
1007 1902 1202 1944 plebeiae;
1230 1902 1280 1936 M.
1311 1902 1435 1935 Crassi
1462 1913 1482 1934 a
1509 1901 1659 1934 Parthis

198 1951 430 1996 interempti
458 1951 599 1984 filium.
654 1950 744 1987 Vid,
774 1950 883 1994 epist.
913 1949 1071 1983 CXXXI.
1127 1951 1227 1985 SCH.
1254 1970 1300 1974 —
1326 1951 1530 1983 nobilitate.
1581 1950 1658 1982 No·

199 2002 296 2034 biles
324 2002 430 2034 enim
460 2005 496 2032 et
522 1997 668 2042 plebeii
704 1998 858 2044 generis
883 1997 1061 2031 homines
1096 1998 1324 2032 dicebantur
1350 1999 1396 2031 ob
1423 1998 1588 2030 honores
1615 1997 1658 2029 ab

200 2060 335 2082 eorum
363 2046 590 2091 parentibus
619 2052 656 2079 et
682 2045 889 2078 maioribus
915 2046 1115 2090 praeclare
1142 2054 1279 2093 gestos.
1306 2045 1491 2080 MANUT.
1510 2065 1557 2070 -
1577 2057 1660 2091 per-

200 2099 298 2132 bene.
350 2094 415 2128 Sic
442 2094 529 2128 dedi
552 2094 598 2127 de
620 2093 799 2127 Schiitzii
827 2104 924 2137 susp.
951 2093 1056 2136 prob.
1084 2093 1250 2141 Madvig.
1279 2098 1311 2128 1.
1339 2106 1375 2139 p.
1402 2097 1458 2129 71.
1508 2093 1659 2127 Simili-

200 2151 283 2184 ter,
319 2144 383 2176 sed
411 2143 539 2175 minus
575 2141 834 2186 probabiliter
858 2140 1009 2174 volebat
1035 2140 1210 2175 Lambin.
1238 2143 1371 2176 edens:
1414 2148 1491 2175 tum
1527 2144 1660 2186 optime

200 2195 302 2227 exist,
330 2190 406 2223 Md.
435 2189 540 2223 Vict.
568 2194 602 2223 1.
630 2192 665 2224 2.
693 2190 831 2222 Graev.
860 2189 958 2222 Ern.
986 2189 1126 2223 Bened.
1154 2190 1241 2224 Scb.
1271 2190 1369 2223 Liin.
1405 2196 1483 2223 tum
1503 2202 1570 2234 per
1595 2202 1660 2223 me.

205 2241 281 2274 ΟΒ.
298 2241 405 2272 —iis
432 2238 540 2270 indic.
568 2237 632 2271 Sic
647 2237 742 2270 Ern.
770 2235 857 2270 Sch.
885 2236 982 2269 Liin.
1004 2249 1043 2269 ex
1061 2240 1106 2270 iis
1127 2239 1200 2270 incl.
1231 2238 1308 2271 Md.
1337 2239 1437 2272 Crat.
1464 2238 1563 2272 Vict.
1579 2241 1608 2271 1.
1625 2240 1657 2271 2.

202 2288 334 2322 Lamb.
358 2287 493 2319 Graev.
512 2285 652 2318 Bened.
681 2284 979 2328 OR.—feceras.
1006 2284 1070 2318 Sic
1083 2284 1251 2334 Madvig.
1279 2287 1303 2318 l.
1331 2286 1358 2320 l.
1384 2285 1549 2331 feceram
1575 2296 1660 2318 cor-

202 2342 317 2380 rupte
346 2333 475 2366 Ceteri
503 2344 589 2365 cum
607 2333 684 2365 Md.
717 2333 791 2365 ΟΒ.
818 2335 1038 2372 existimare,
1065 2345 1100 2365 v.
1124 2334 1215 2367 lem.
1245 2333 1333 2367 eine
1359 2340 1451 2381 gute
1473 2334 1660 2378 Nleinung

202 2383 345 2430 hegen,
373 2381 443 2414 ihn
470 2379 661 2415 schatzen.
685 2399 722 2405 ·—
757 2383 916 2426 cognitis
942 2380 968 2412 i.
992 2392 1021 2413 e.
1049 2382 1203 2424 penitus
1229 2383 1441 2425 perspectis
1466 2381 1661 2425 planeque

204 2431 383 2478 cognitis.
431 2429 529 2461 Nam
558 2436 667 2462 antea
692 2428 917 2462 coniectura
942 2434 1090 2460 tantum
1118 2429 1254 2462 Cicero
1282 2430 1327 2462 de
1355 2429 1486 2463 Crasso
1515 2427 1662 2462 iudica-

204 2485 313 2512 verat
341 2484 379 2511 et
406 2476 511 2520 quasi
539 2483 746 2523 auguratus
774 2482 866 2510 erat.
918 2476 1018 2509 SCH.

299 2527 332 2559 2.
383 2530 465 2569 post
491 2530 643 2557 mortem
666 2525 815 2563 Crassi,
853 2523 923 2557 der
961 2524 1034 2557 mit
1073 2523 1221 2557 seinem
1262 2524 1385 2559 Vater
1424 2525 1479 2557 im
1519 2523 1661 2570 Kriege

206 2574 333 2607 wider
359 2573 421 2605 die
447 2571 607 2605 Parther
633 2573 804 2610 umkam,
833 2590 880 2596 —
913 2584 1015 2616 quem
1039 2583 1088 2604 ·.-.·
1113 2578 1152 2604 ut
1178 2583 1266 2605 eum
1294 2572 1393 2605 nach
1420 2573 1570 2619 dignus.
1621 2571 1657 2604 S.

207 2620 358 2654 Ramsh.
386 2623 416 2661 §.
448 2621 527 2659 184,
555 2621 587 2654 5.
641 2621 791 2654 Grotef.
820 2623 850 2662 §.
877 2622 958 2655 403.
978 2622 1077 2652 -in
1096 2620 1276 2659 Ciliciam,
1305 2631 1423 2663 quum
1450 2619 1545 2652 huic
1572 2629 1660 2663 pro-

207 2668 362 2702 vinciae
391 2669 609 2711 praefectus
636 2680 769 2702 essem.
798 2686 841 2694 —
867 2680 940 2701 non
967 2666 1087 2711 defuit
1110 2678 1158 2699 Ξ
1183 2669 1388 2711 praestitit.

301 2718 333 2751 3.
389 2715 492 2759 Quod
513 2726 562 2749 ,τ-
587 2715 776 2751 desshalb.
826 2715 862 2750 S.
890 2715 1046 2750 Ramsh.
1072 2718 1102 2758 ἕ.
1133 2717 1216 2757 182,
1242 2716 1317 2749 Not
1344 2718 1379 2757 1,
1405 2715 1457 2757 d).
1497 2733 1542 2740 -
1591 2727 1663 2749 non
