<?xml version="1.0" encoding="UTF-8"?>
<!DOCTYPE html PUBLIC "-//W3C//DTD XHTML 1.0 Transitional//EN"
    "http://www.w3.org/TR/xhtml1/DTD/xhtml1-transitional.dtd">
<html xmlns="http://www.w3.org/1999/xhtml" xml:lang="en" lang="en">
 <head>
  <title>
</title>
<meta http-equiv="Content-Type" content="text/html;charset=utf-8" />
  <meta name='ocr-system' content='tesseract 3.04.00' />
  <meta name='ocr-capabilities' content='ocr_page ocr_carea ocr_par ocr_line ocrx_word'/>
</head>
<body>
  <div class='ocr_page' id='page_1' title='image "./epistolaeadattic03ciceuoft_0209.png"; bbox 0 0 1795 3081; ppageno 0'>
   <div class='ocr_carea' id='block_1_1' title="bbox 13 776 19 1277">
    <p class='ocr_par' dir='ltr' id='par_1_1' title="bbox 13 776 19 1277">
     <span class='ocr_line' id='line_1_1' title="bbox 13 776 19 1277; baseline 0 0"><span class='ocrx_word' id='word_1_1' title='bbox 13 776 19 1277; x_wconf 95' lang='lat' dir='ltr'> </span> 
     </span>
    </p>
   </div>
   <div class='ocr_carea' id='block_1_2' title="bbox 9 1453 15 1984">
    <p class='ocr_par' dir='ltr' id='par_1_2' title="bbox 9 1453 15 1984">
     <span class='ocr_line' id='line_1_2' title="bbox 9 1453 15 1984; baseline 0 0"><span class='ocrx_word' id='word_1_2' title='bbox 9 1453 15 1984; x_wconf 95' lang='lat' dir='ltr'> </span> 
     </span>
    </p>
   </div>
   <div class='ocr_carea' id='block_1_3' title="bbox 0 0 32 3081">
    <p class='ocr_par' dir='ltr' id='par_1_3' title="bbox 0 0 32 3081">
     <span class='ocr_line' id='line_1_3' title="bbox 0 0 32 3081; baseline 0 0"><span class='ocrx_word' id='word_1_3' title='bbox 0 0 32 3081; x_wconf 95' lang='lat' dir='ltr'> </span> 
     </span>
    </p>
   </div>
   <div class='ocr_carea' id='block_1_4' title="bbox 503 45 1556 104">
    <p class='ocr_par' dir='ltr' id='par_1_4' title="bbox 503 45 1556 104">
     <span class='ocr_line' id='line_1_4' title="bbox 503 45 1556 104; baseline 0.012 -12"><span class='ocrx_word' id='word_1_4' title='bbox 503 45 818 93; x_wconf 74' lang='lat' dir='ltr'>EI&#39;IS&#39;I&#39;OLA</span> <span class='ocrx_word' id='word_1_5' title='bbox 856 46 962 95; x_wconf 91' lang='lat' dir='ltr'>DV.</span> <span class='ocrx_word' id='word_1_6' title='bbox 1017 47 1062 93; x_wconf 92' lang='lat' dir='ltr'>D</span> <span class='ocrx_word' id='word_1_7' title='bbox 1073 50 1111 95; x_wconf 83' lang='lat' dir='ltr'>V</span> <span class='ocrx_word' id='word_1_8' title='bbox 1117 50 1149 97; x_wconf 93' lang='lat' dir='ltr'>I.</span> <span class='ocrx_word' id='word_1_9' title='bbox 1463 60 1556 104; x_wconf 86' lang='lat'>199</span> 
     </span>
    </p>
   </div>
   <div class='ocr_carea' id='block_1_5' title="bbox 94 165 1558 385">
    <p class='ocr_par' dir='ltr' id='par_1_5' title="bbox 94 165 1558 385">
     <span class='ocr_line' id='line_1_5' title="bbox 98 165 1558 223; baseline 0.005 -15"><span class='ocrx_word' id='word_1_10' title='bbox 98 170 307 208; x_wconf 70' lang='lat' dir='ltr'>haberes:</span> <span class='ocrx_word' id='word_1_11' title='bbox 354 167 596 217; x_wconf 70' lang='lat' dir='ltr'>ceterisque</span> <span class='ocrx_word' id='word_1_12' title='bbox 629 166 670 202; x_wconf 86' lang='lat' dir='ltr'>in</span> <span class='ocrx_word' id='word_1_13' title='bbox 703 165 832 203; x_wconf 74' lang='lat' dir='ltr'>rebus</span> <span class='ocrx_word' id='word_1_14' title='bbox 864 166 945 203; x_wconf 79' lang='lat' dir='ltr'>tibi</span> <span class='ocrx_word' id='word_1_15' title='bbox 976 180 1072 206; x_wconf 81' lang='lat' dir='ltr'>enm</span> <span class='ocrx_word' id='word_1_16' title='bbox 1105 170 1165 208; x_wconf 67' lang='lat' dir='ltr'>ira</span> <span class='ocrx_word' id='word_1_17' title='bbox 1196 174 1468 223; x_wconf 87' lang='lat' dir='ltr'>commendo,</span> <span class='ocrx_word' id='word_1_18' title='bbox 1508 184 1558 215; x_wconf 80' lang='lat' dir='ltr'>ut</span> 
     </span>
     <span class='ocr_line' id='line_1_6' title="bbox 96 221 1555 269; baseline 0 -7"><span class='ocrx_word' id='word_1_19' title='bbox 96 225 264 262; x_wconf 68' lang='lat' dir='ltr'>maiore</span> <span class='ocrx_word' id='word_1_20' title='bbox 322 221 466 260; x_wconf 75' lang='lat' dir='ltr'>studio</span> <span class='ocrx_word' id='word_1_21' title='bbox 524 221 737 258; x_wconf 69' lang='lat' dir='ltr'>neminem</span> <span class='ocrx_word' id='word_1_22' title='bbox 798 222 1154 263; x_wconf 67' lang='lat' dir='ltr'>commendarim.</span> <span class='ocrx_word' id='word_1_23' title='bbox 1245 228 1555 269; x_wconf 61' lang='lat' dir='ltr'>Gratissinmm</span> 
     </span>
     <span class='ocr_line' id='line_1_7' title="bbox 95 276 1554 339; baseline 0.003 -21"><span class='ocrx_word' id='word_1_24' title='bbox 95 280 203 318; x_wconf 76' lang='lat' dir='ltr'>mihi</span> <span class='ocrx_word' id='word_1_25' title='bbox 246 278 418 324; x_wconf 70' lang='lat' dir='ltr'>feceris,</span> <span class='ocrx_word' id='word_1_26' title='bbox 471 276 507 313; x_wconf 78' lang='lat' dir='ltr'>si</span> <span class='ocrx_word' id='word_1_27' title='bbox 553 288 650 313; x_wconf 75' lang='lat' dir='ltr'>cuin</span> <span class='ocrx_word' id='word_1_28' title='bbox 695 276 755 313; x_wconf 74' lang='lat' dir='ltr'>ila</span> <span class='ocrx_word' id='word_1_29' title='bbox 797 279 1019 325; x_wconf 70' lang='lat' dir='ltr'>tractaris,</span> <span class='ocrx_word' id='word_1_30' title='bbox 1061 285 1110 316; x_wconf 80' lang='lat' dir='ltr'>nt</span> <span class='ocrx_word' id='word_1_31' title='bbox 1153 281 1377 339; x_wconf 74' lang='lat' dir='ltr'>intelligat</span> <span class='ocrx_word' id='word_1_32' title='bbox 1415 300 1554 327; x_wconf 82' lang='lat' dir='ltr'>meam</span> 
     </span>
     <span class='ocr_line' id='line_1_8' title="bbox 94 329 1276 385; baseline 0.002 -11"><span class='ocrx_word' id='word_1_33' title='bbox 94 332 517 374; x_wconf 79' lang='lat' dir='ltr'>commendationem</span> <span class='ocrx_word' id='word_1_34' title='bbox 546 343 701 385; x_wconf 72' lang='lat' dir='ltr'>niagno</span> <span class='ocrx_word' id='word_1_35' title='bbox 731 329 813 367; x_wconf 79' lang='lat' dir='ltr'>sibi</span> <span class='ocrx_word' id='word_1_36' title='bbox 840 338 1099 371; x_wconf 80' lang='lat' dir='ltr'>ornamento</span> <span class='ocrx_word' id='word_1_37' title='bbox 1131 336 1276 376; x_wconf 79' lang='lat' dir='ltr'>fuisse.</span> 
     </span>
    </p>
   </div>
   <div class='ocr_carea' id='block_1_6' title="bbox 299 516 1348 784">
    <p class='ocr_par' dir='ltr' id='par_1_6' title="bbox 299 516 1348 784">
     <span class='ocr_line' id='line_1_9' title="bbox 299 516 1348 581; baseline 0.004 -15"><span class='ocrx_word' id='word_1_38' title='bbox 299 516 617 566; x_wconf 78' lang='lat' dir='ltr'>EPISTOLA</span> <span class='ocrx_word' id='word_1_39' title='bbox 653 517 764 565; x_wconf 87' lang='lat' dir='ltr'>DV.</span> <span class='ocrx_word' id='word_1_40' title='bbox 811 516 893 575; x_wconf 84' lang='lat' dir='ltr'>(ad</span> <span class='ocrx_word' id='word_1_41' title='bbox 927 516 1041 567; x_wconf 85' lang='lat' dir='ltr'>Div.</span> <span class='ocrx_word' id='word_1_42' title='bbox 1078 520 1211 569; x_wconf 87' lang='lat' dir='ltr'><strong>XIII.</strong></span> <span class='ocrx_word' id='word_1_43' title='bbox 1248 522 1348 581; x_wconf 83' lang='lat'>37.)</span> 
     </span>
     <span class='ocr_line' id='line_1_10' title="bbox 409 604 1238 649; baseline 0.004 -11"><span class='ocrx_word' id='word_1_44' title='bbox 409 605 488 638; x_wconf 83' lang='lat' dir='ltr'>Ser.</span> <span class='ocrx_word' id='word_1_45' title='bbox 517 605 658 638; x_wconf 86' lang='lat' dir='ltr'>Romae</span> <span class='ocrx_word' id='word_1_46' title='bbox 685 604 728 638; x_wconf 88' lang='lat' dir='ltr'>A.</span> <span class='ocrx_word' id='word_1_47' title='bbox 756 605 800 639; x_wconf 85' lang='lat' dir='ltr'>U.</span> <span class='ocrx_word' id='word_1_48' title='bbox 829 604 869 638; x_wconf 91' lang='lat' dir='ltr'>C.</span> <span class='ocrx_word' id='word_1_49' title='bbox 897 607 978 640; x_wconf 88' lang='lat'><strong>708.</strong></span> <span class='ocrx_word' id='word_1_50' title='bbox 1015 606 1065 646; x_wconf 85' lang='lat' dir='ltr'>(a.</span> <span class='ocrx_word' id='word_1_51' title='bbox 1095 607 1134 640; x_wconf 90' lang='lat' dir='ltr'>C.</span> <span class='ocrx_word' id='word_1_52' title='bbox 1162 609 1238 649; x_wconf 76' lang='lat'>46.)</span> 
     </span>
     <span class='ocr_line' id='line_1_11' title="bbox 315 675 1315 720; baseline 0.004 -11"><span class='ocrx_word' id='word_1_53' title='bbox 315 676 568 712; x_wconf 78' lang='lat' dir='ltr'>Commendat</span> <span class='ocrx_word' id='word_1_54' title='bbox 594 675 773 720; x_wconf 82' lang='lat' dir='ltr'>Hippiam</span> <span class='ocrx_word' id='word_1_55' title='bbox 799 675 839 708; x_wconf 86' lang='lat' dir='ltr'>in</span> <span class='ocrx_word' id='word_1_56' title='bbox 866 676 1088 712; x_wconf 80' lang='lat' dir='ltr'>liberatione</span> <span class='ocrx_word' id='word_1_57' title='bbox 1116 678 1315 714; x_wconf 74' lang='lat' dir='ltr'>bonorum.</span> 
     </span>
     <span class='ocr_line' id='line_1_12' title="bbox 481 746 1166 784; baseline 0.004 -3"><span class='ocrx_word' id='word_1_58' title='bbox 481 747 659 781; x_wconf 78' lang='lat' dir='ltr'>CICERO</span> <span class='ocrx_word' id='word_1_59' title='bbox 697 746 863 781; x_wconf 83' lang='lat' dir='ltr'><strong>ACILIO</strong></span> <span class='ocrx_word' id='word_1_60' title='bbox 903 748 1092 784; x_wconf 82' lang='lat' dir='ltr'>PROCOS.</span> <span class='ocrx_word' id='word_1_61' title='bbox 1131 748 1166 783; x_wconf 91' lang='lat' dir='ltr'>S.</span> 
     </span>
    </p>
   </div>
   <div class='ocr_carea' id='block_1_7' title="bbox 84 819 1553 1370">
    <p class='ocr_par' dir='ltr' id='par_1_7' title="bbox 84 819 1553 1370">
     <span class='ocr_line' id='line_1_13' title="bbox 200 819 1553 876; baseline 0.003 -17"><span class='ocrx_word' id='word_1_62' title='bbox 200 821 427 873; x_wconf 77' lang='lat' dir='ltr'>Hippiam,</span> <span class='ocrx_word' id='word_1_63' title='bbox 471 819 700 857; x_wconf 72' lang='lat' dir='ltr'>Philoxeni</span> <span class='ocrx_word' id='word_1_64' title='bbox 731 819 886 869; x_wconf 84' lang='lat' dir='ltr'>filium,</span> <span class='ocrx_word' id='word_1_65' title='bbox 927 819 1218 871; x_wconf 73' lang='lat' dir='ltr'>Calactiinlni,</span> <span class='ocrx_word' id='word_1_66' title='bbox 1261 822 1478 876; x_wconf 75' lang='lat' dir='ltr'><strong>hospitem</strong></span> <span class='ocrx_word' id='word_1_67' title='bbox 1509 831 1553 864; x_wconf 73' lang='lat' dir='ltr'>et</span> 
     </span>
     <span class='ocr_line' id='line_1_14' title="bbox 91 874 1550 923; baseline 0.001 -7"><span class='ocrx_word' id='word_1_68' title='bbox 91 878 384 916; x_wconf 81' lang='lat' dir='ltr'>necessarium</span> <span class='ocrx_word' id='word_1_69' title='bbox 414 889 573 923; x_wconf 87' lang='lat' dir='ltr'>meum,</span> <span class='ocrx_word' id='word_1_70' title='bbox 615 874 697 912; x_wconf 67' lang='lat' dir='ltr'>tibi</span> <span class='ocrx_word' id='word_1_71' title='bbox 740 875 996 914; x_wconf 85' lang='lat' dir='ltr'>commendo</span> <span class='ocrx_word' id='word_1_72' title='bbox 1036 878 1080 914; x_wconf 89' lang='lat' dir='ltr'>in</span> <span class='ocrx_word' id='word_1_73' title='bbox 1119 879 1330 918; x_wconf 83' lang='lat' dir='ltr'>maiorem</span> <span class='ocrx_word' id='word_1_74' title='bbox 1359 879 1550 918; x_wconf 86' lang='lat' dir='ltr'>modum.</span> 
     </span>
     <span class='ocr_line' id='line_1_15' title="bbox 88 928 1550 986; baseline 0.001 -15"><span class='ocrx_word' id='word_1_75' title='bbox 88 933 191 971; x_wconf 79' lang='lat' dir='ltr'>Eius</span> <span class='ocrx_word' id='word_1_76' title='bbox 222 933 350 980; x_wconf 83' lang='lat' dir='ltr'>bona,</span> <span class='ocrx_word' id='word_1_77' title='bbox 392 928 755 981; x_wconf 79' lang='lat' dir='ltr'>quemadmodum</span> <span class='ocrx_word' id='word_1_78' title='bbox 785 929 840 968; x_wconf 84' lang='lat' dir='ltr'>ad</span> <span class='ocrx_word' id='word_1_79' title='bbox 870 944 937 969; x_wconf 79' lang='lat' dir='ltr'>ine</span> <span class='ocrx_word' id='word_1_80' title='bbox 968 930 1110 971; x_wconf 77' lang='lat' dir='ltr'>delata</span> <span class='ocrx_word' id='word_1_81' title='bbox 1142 946 1210 971; x_wconf 88' lang='lat' dir='ltr'>res</span> <span class='ocrx_word' id='word_1_82' title='bbox 1241 940 1320 983; x_wconf 80' lang='lat' dir='ltr'>est,</span> <span class='ocrx_word' id='word_1_83' title='bbox 1373 935 1550 986; x_wconf 85' lang='lat' dir='ltr'>publice</span> 
     </span>
     <span class='ocr_line' id='line_1_16' title="bbox 89 985 1547 1040; baseline 0.001 -15"><span class='ocrx_word' id='word_1_84' title='bbox 89 986 371 1040; x_wconf 78' lang='lat' dir='ltr'><strong>possidentur</strong></span> <span class='ocrx_word' id='word_1_85' title='bbox 400 985 544 1023; x_wconf 84' lang='lat' dir='ltr'>alieno</span> <span class='ocrx_word' id='word_1_86' title='bbox 577 986 752 1023; x_wconf 85' lang='lat' dir='ltr'>nomine</span> <span class='ocrx_word' id='word_1_87' title='bbox 784 991 937 1023; x_wconf 78' lang='lat' dir='ltr'>contra</span> <span class='ocrx_word' id='word_1_88' title='bbox 962 986 1077 1040; x_wconf 76' lang='lat' dir='ltr'>leges</span> <span class='ocrx_word' id='word_1_89' title='bbox 1099 988 1442 1027; x_wconf 77' lang='lat' dir='ltr'>Calactinorum.</span> <span class='ocrx_word' id='word_1_90' title='bbox 1502 988 1547 1026; x_wconf 68' lang='lat' dir='ltr'>Id</span> 
     </span>
     <span class='ocr_line' id='line_1_17' title="bbox 88 1040 1550 1095; baseline 0.002 -15"><span class='ocrx_word' id='word_1_91' title='bbox 88 1044 127 1080; x_wconf 85' lang='lat' dir='ltr'>si</span> <span class='ocrx_word' id='word_1_92' title='bbox 166 1043 227 1080; x_wconf 80' lang='lat' dir='ltr'>ita</span> <span class='ocrx_word' id='word_1_93' title='bbox 269 1046 348 1090; x_wconf 83' lang='lat' dir='ltr'>est,</span> <span class='ocrx_word' id='word_1_94' title='bbox 391 1041 523 1078; x_wconf 81' lang='lat' dir='ltr'>etiam</span> <span class='ocrx_word' id='word_1_95' title='bbox 566 1041 659 1076; x_wconf 87' lang='lat' dir='ltr'>sine</span> <span class='ocrx_word' id='word_1_96' title='bbox 702 1053 796 1077; x_wconf 83' lang='lat' dir='ltr'>mea</span> <span class='ocrx_word' id='word_1_97' title='bbox 837 1040 1215 1081; x_wconf 77' lang='lat' dir='ltr'>commendatione</span> <span class='ocrx_word' id='word_1_98' title='bbox 1245 1043 1298 1082; x_wconf 87' lang='lat' dir='ltr'>ab</span> <span class='ocrx_word' id='word_1_99' title='bbox 1329 1046 1550 1095; x_wconf 73' lang='lat' dir='ltr'>aequitate</span> 
     </span>
     <span class='ocr_line' id='line_1_18' title="bbox 87 1093 1548 1151; baseline 0.001 -16"><span class='ocrx_word' id='word_1_100' title='bbox 87 1103 162 1136; x_wconf 83' lang='lat' dir='ltr'>tua</span> <span class='ocrx_word' id='word_1_101' title='bbox 193 1109 262 1134; x_wconf 85' lang='lat' dir='ltr'>res</span> <span class='ocrx_word' id='word_1_102' title='bbox 292 1097 385 1147; x_wconf 86' lang='lat' dir='ltr'>ipsa</span> <span class='ocrx_word' id='word_1_103' title='bbox 421 1096 661 1146; x_wconf 75' lang='lat' dir='ltr'>impetrare</span> <span class='ocrx_word' id='word_1_104' title='bbox 699 1093 843 1145; x_wconf 79' lang='lat' dir='ltr'>debet,</span> <span class='ocrx_word' id='word_1_105' title='bbox 886 1101 935 1133; x_wconf 90' lang='lat' dir='ltr'>ut</span> <span class='ocrx_word' id='word_1_106' title='bbox 976 1097 1015 1134; x_wconf 89' lang='lat' dir='ltr'>ei</span> <span class='ocrx_word' id='word_1_107' title='bbox 1054 1096 1301 1137; x_wconf 74' lang='lat' dir='ltr'>subvenias.</span> <span class='ocrx_word' id='word_1_108' title='bbox 1362 1098 1548 1151; x_wconf 69' lang='lat' dir='ltr'>Quoquo</span> 
     </span>
     <span class='ocr_line' id='line_1_19' title="bbox 87 1149 1548 1201; baseline 0.001 -11"><span class='ocrx_word' id='word_1_109' title='bbox 87 1150 218 1191; x_wconf 83' lang='lat' dir='ltr'>modo</span> <span class='ocrx_word' id='word_1_110' title='bbox 249 1156 394 1198; x_wconf 75' lang='lat' dir='ltr'>autem</span> <span class='ocrx_word' id='word_1_111' title='bbox 424 1163 468 1188; x_wconf 83' lang='lat' dir='ltr'>se</span> <span class='ocrx_word' id='word_1_112' title='bbox 499 1162 568 1187; x_wconf 88' lang='lat' dir='ltr'>res</span> <span class='ocrx_word' id='word_1_113' title='bbox 598 1149 744 1198; x_wconf 82' lang='lat' dir='ltr'>habet,</span> <span class='ocrx_word' id='word_1_114' title='bbox 774 1155 876 1201; x_wconf 74' lang='lat' dir='ltr'>peto</span> <span class='ocrx_word' id='word_1_115' title='bbox 903 1163 926 1187; x_wconf 84' lang='lat' dir='ltr'>a</span> <span class='ocrx_word' id='word_1_116' title='bbox 944 1156 999 1199; x_wconf 80' lang='lat' dir='ltr'>te,</span> <span class='ocrx_word' id='word_1_117' title='bbox 1030 1157 1079 1190; x_wconf 83' lang='lat' dir='ltr'>ut</span> <span class='ocrx_word' id='word_1_118' title='bbox 1101 1151 1284 1191; x_wconf 83' lang='lat' dir='ltr'>honoris</span> <span class='ocrx_word' id='word_1_119' title='bbox 1303 1154 1390 1191; x_wconf 87' lang='lat' dir='ltr'>mei</span> <span class='ocrx_word' id='word_1_120' title='bbox 1417 1167 1548 1192; x_wconf 76' lang='lat' dir='ltr'>causa</span> 
     </span>
     <span class='ocr_line' id='line_1_20' title="bbox 86 1203 1547 1258; baseline 0.001 -13"><span class='ocrx_word' id='word_1_121' title='bbox 86 1220 185 1247; x_wconf 87' lang='lat' dir='ltr'>eum</span> <span class='ocrx_word' id='word_1_122' title='bbox 216 1203 418 1258; x_wconf 81' lang='lat' dir='ltr'>expedias</span> <span class='ocrx_word' id='word_1_123' title='bbox 448 1210 703 1256; x_wconf 75' lang='lat' dir='ltr'>tantumque</span> <span class='ocrx_word' id='word_1_124' title='bbox 734 1205 774 1242; x_wconf 89' lang='lat' dir='ltr'>ei</span> <span class='ocrx_word' id='word_1_125' title='bbox 807 1205 1054 1244; x_wconf 87' lang='lat' dir='ltr'>commodes</span> <span class='ocrx_word' id='word_1_126' title='bbox 1088 1213 1132 1246; x_wconf 78' lang='lat' dir='ltr'>et</span> <span class='ocrx_word' id='word_1_127' title='bbox 1160 1208 1206 1246; x_wconf 86' lang='lat' dir='ltr'>in</span> <span class='ocrx_word' id='word_1_128' title='bbox 1236 1207 1319 1246; x_wconf 87' lang='lat' dir='ltr'>hac</span> <span class='ocrx_word' id='word_1_129' title='bbox 1350 1221 1398 1246; x_wconf 86' lang='lat' dir='ltr'>re</span> <span class='ocrx_word' id='word_1_130' title='bbox 1428 1214 1471 1246; x_wconf 85' lang='lat' dir='ltr'>et</span> <span class='ocrx_word' id='word_1_131' title='bbox 1501 1210 1547 1246; x_wconf 88' lang='lat' dir='ltr'>in</span> 
     </span>
     <span class='ocr_line' id='line_1_21' title="bbox 84 1258 1547 1315; baseline 0.001 -14"><span class='ocrx_word' id='word_1_132' title='bbox 84 1262 260 1310; x_wconf 83' lang='lat' dir='ltr'>ceteris,</span> <span class='ocrx_word' id='word_1_133' title='bbox 291 1265 501 1312; x_wconf 79' lang='lat' dir='ltr'>quantuni</span> <span class='ocrx_word' id='word_1_134' title='bbox 531 1265 607 1297; x_wconf 80' lang='lat' dir='ltr'>tua</span> <span class='ocrx_word' id='word_1_135' title='bbox 634 1258 738 1298; x_wconf 87' lang='lat' dir='ltr'>fides</span> <span class='ocrx_word' id='word_1_136' title='bbox 769 1258 1045 1315; x_wconf 76' lang='lat' dir='ltr'>dignitasque</span> <span class='ocrx_word' id='word_1_137' title='bbox 1083 1263 1291 1315; x_wconf 80' lang='lat' dir='ltr'>patietur.</span> <span class='ocrx_word' id='word_1_138' title='bbox 1347 1261 1398 1303; x_wconf 89' lang='lat' dir='ltr'>Id</span> <span class='ocrx_word' id='word_1_139' title='bbox 1436 1263 1547 1302; x_wconf 84' lang='lat' dir='ltr'>mihi</span> 
     </span>
     <span class='ocr_line' id='line_1_22' title="bbox 84 1315 701 1370; baseline -0.006 -12"><span class='ocrx_word' id='word_1_140' title='bbox 84 1316 369 1358; x_wconf 79' lang='lat' dir='ltr'>vehementer</span> <span class='ocrx_word' id='word_1_141' title='bbox 397 1319 574 1370; x_wconf 78' lang='lat' dir='ltr'>gratum</span> <span class='ocrx_word' id='word_1_142' title='bbox 602 1315 701 1354; x_wconf 84' lang='lat' dir='ltr'>erit.</span> 
     </span>
    </p>
   </div>
   <div class='ocr_carea' id='block_1_8' title="bbox 117 1499 1501 1704">
    <p class='ocr_par' dir='ltr' id='par_1_8' title="bbox 117 1499 1501 1704">
     <span class='ocr_line' id='line_1_23' title="bbox 266 1499 1356 1562; baseline 0.004 -14"><span class='ocrx_word' id='word_1_143' title='bbox 266 1499 584 1549; x_wconf 84' lang='lat' dir='ltr'>EPISTOLA</span> <span class='ocrx_word' id='word_1_144' title='bbox 619 1500 756 1548; x_wconf 88' lang='lat' dir='ltr'>DV1.</span> <span class='ocrx_word' id='word_1_145' title='bbox 819 1499 901 1559; x_wconf 80' lang='lat' dir='ltr'>(ad</span> <span class='ocrx_word' id='word_1_146' title='bbox 935 1500 1047 1548; x_wconf 80' lang='lat' dir='ltr'>Div.</span> <span class='ocrx_word' id='word_1_147' title='bbox 1084 1500 1219 1551; x_wconf 85' lang='lat' dir='ltr'>XIII.</span> <span class='ocrx_word' id='word_1_148' title='bbox 1255 1504 1356 1562; x_wconf 86' lang='lat'>38.)</span> 
     </span>
     <span class='ocr_line' id='line_1_24' title="bbox 403 1586 1227 1631; baseline 0.002 -11"><span class='ocrx_word' id='word_1_149' title='bbox 403 1586 487 1622; x_wconf 85' lang='lat' dir='ltr'>Ser.</span> <span class='ocrx_word' id='word_1_150' title='bbox 514 1588 653 1621; x_wconf 86' lang='lat' dir='ltr'>Romae</span> <span class='ocrx_word' id='word_1_151' title='bbox 679 1588 721 1621; x_wconf 88' lang='lat' dir='ltr'>A.</span> <span class='ocrx_word' id='word_1_152' title='bbox 750 1588 795 1622; x_wconf 89' lang='lat' dir='ltr'>U.</span> <span class='ocrx_word' id='word_1_153' title='bbox 823 1587 863 1620; x_wconf 91' lang='lat' dir='ltr'>C.</span> <span class='ocrx_word' id='word_1_154' title='bbox 893 1589 973 1624; x_wconf 82' lang='lat'>708.</span> <span class='ocrx_word' id='word_1_155' title='bbox 1006 1590 1054 1629; x_wconf 84' lang='lat' dir='ltr'>(a.</span> <span class='ocrx_word' id='word_1_156' title='bbox 1084 1588 1122 1624; x_wconf 89' lang='lat' dir='ltr'>C.</span> <span class='ocrx_word' id='word_1_157' title='bbox 1149 1591 1227 1631; x_wconf 72' lang='lat'>46.)</span> 
     </span>
     <span class='ocr_line' id='line_1_25' title="bbox 117 1658 1501 1704; baseline 0.002 -11"><span class='ocrx_word' id='word_1_158' title='bbox 117 1660 261 1693; x_wconf 84' lang='lat' dir='ltr'>Bruttii</span> <span class='ocrx_word' id='word_1_159' title='bbox 287 1671 369 1694; x_wconf 86' lang='lat' dir='ltr'>rem</span> <span class='ocrx_word' id='word_1_160' title='bbox 394 1659 624 1692; x_wconf 77' lang='lat' dir='ltr'>familiarem</span> <span class='ocrx_word' id='word_1_161' title='bbox 651 1659 691 1692; x_wconf 89' lang='lat' dir='ltr'>in</span> <span class='ocrx_word' id='word_1_162' title='bbox 717 1658 849 1692; x_wconf 81' lang='lat' dir='ltr'>Sicilia</span> <span class='ocrx_word' id='word_1_163' title='bbox 875 1664 1221 1704; x_wconf 71' lang='lat' dir='ltr'>procuratoresque</span> <span class='ocrx_word' id='word_1_164' title='bbox 1249 1665 1501 1698; x_wconf 77' lang='lat' dir='ltr'>commendat.</span> 
     </span>
    </p>
   </div>
   <div class='ocr_carea' id='block_1_9' title="bbox 465 1729 1153 1765">
    <p class='ocr_par' dir='ltr' id='par_1_9' title="bbox 465 1729 1153 1765">
     <span class='ocr_line' id='line_1_26' title="bbox 465 1729 1153 1765; baseline 0.001 -1"><span class='ocrx_word' id='word_1_165' title='bbox 465 1730 642 1765; x_wconf 86' lang='lat' dir='ltr'>CICERO</span> <span class='ocrx_word' id='word_1_166' title='bbox 678 1729 847 1764; x_wconf 85' lang='lat' dir='ltr'>ACILIO</span> <span class='ocrx_word' id='word_1_167' title='bbox 889 1730 1081 1764; x_wconf 83' lang='lat' dir='ltr'>PROCOS.</span> <span class='ocrx_word' id='word_1_168' title='bbox 1118 1731 1153 1765; x_wconf 91' lang='lat' dir='ltr'>S.</span> 
     </span>
    </p>
   </div>
   <div class='ocr_carea' id='block_1_10' title="bbox 79 1801 1539 1912">
    <p class='ocr_par' dir='ltr' id='par_1_10' title="bbox 79 1801 1539 1912">
     <span class='ocr_line' id='line_1_27' title="bbox 187 1801 1539 1853; baseline 0.004 -12"><span class='ocrx_word' id='word_1_169' title='bbox 187 1803 238 1842; x_wconf 87' lang='lat' dir='ltr'>L.</span> <span class='ocrx_word' id='word_1_170' title='bbox 268 1802 481 1852; x_wconf 65' lang='lat' dir='ltr'>Bruttius,</span> <span class='ocrx_word' id='word_1_171' title='bbox 520 1815 649 1853; x_wconf 84' lang='lat' dir='ltr'>eques</span> <span class='ocrx_word' id='word_1_172' title='bbox 679 1801 915 1851; x_wconf 82' lang='lat' dir='ltr'>Romanus,</span> <span class='ocrx_word' id='word_1_173' title='bbox 957 1801 1208 1843; x_wconf 83' lang='lat' dir='ltr'>adolescens</span> <span class='ocrx_word' id='word_1_174' title='bbox 1239 1807 1440 1845; x_wconf 87' lang='lat' dir='ltr'>omnibus</span> <span class='ocrx_word' id='word_1_175' title='bbox 1471 1821 1539 1847; x_wconf 88' lang='lat' dir='ltr'>re-</span> 
     </span>
     <span class='ocr_line' id='line_1_28' title="bbox 79 1857 1539 1912; baseline 0.003 -16"><span class='ocrx_word' id='word_1_176' title='bbox 79 1859 157 1897; x_wconf 90' lang='lat' dir='ltr'>bus</span> <span class='ocrx_word' id='word_1_177' title='bbox 188 1863 383 1908; x_wconf 80' lang='lat' dir='ltr'>ornatus,</span> <span class='ocrx_word' id='word_1_178' title='bbox 425 1858 471 1895; x_wconf 88' lang='lat' dir='ltr'>in</span> <span class='ocrx_word' id='word_1_179' title='bbox 501 1858 608 1896; x_wconf 88' lang='lat' dir='ltr'>meis</span> <span class='ocrx_word' id='word_1_180' title='bbox 639 1857 998 1896; x_wconf 84' lang='lat' dir='ltr'>familiarissimis</span> <span class='ocrx_word' id='word_1_181' title='bbox 1034 1867 1095 1896; x_wconf 74' lang='lat' dir='ltr'>esc</span> <span class='ocrx_word' id='word_1_182' title='bbox 1132 1873 1288 1912; x_wconf 83' lang='lat' dir='ltr'>meque</span> <span class='ocrx_word' id='word_1_183' title='bbox 1331 1860 1539 1903; x_wconf 78' lang='lat' dir='ltr'>observat</span> 
     </span>
    </p>
   </div>
   <div class='ocr_carea' id='block_1_11' title="bbox 75 1994 1536 2123">
    <p class='ocr_par' dir='ltr' id='par_1_11' title="bbox 75 1994 1536 2123">
     <span class='ocr_line' id='line_1_29' title="bbox 75 1994 1536 2039; baseline 0.003 -12"><span class='ocrx_word' id='word_1_184' title='bbox 75 2000 204 2028; x_wconf 82' lang='lat' dir='ltr'>tamen</span> <span class='ocrx_word' id='word_1_185' title='bbox 230 1994 425 2028; x_wconf 84' lang='lat' dir='ltr'>Demetri0</span> <span class='ocrx_word' id='word_1_186' title='bbox 457 1994 542 2028; x_wconf 89' lang='lat' dir='ltr'>ideo</span> <span class='ocrx_word' id='word_1_187' title='bbox 569 1995 761 2029; x_wconf 84' lang='lat' dir='ltr'>civitatem</span> <span class='ocrx_word' id='word_1_188' title='bbox 787 1995 897 2039; x_wconf 86' lang='lat' dir='ltr'>eripi,</span> <span class='ocrx_word' id='word_1_189' title='bbox 931 1995 1007 2036; x_wconf 85' lang='lat' dir='ltr'>sed,</span> <span class='ocrx_word' id='word_1_190' title='bbox 1034 2001 1076 2028; x_wconf 83' lang='lat' dir='ltr'>ut</span> <span class='ocrx_word' id='word_1_191' title='bbox 1102 1997 1137 2030; x_wconf 91' lang='lat' dir='ltr'>ei</span> <span class='ocrx_word' id='word_1_192' title='bbox 1160 1998 1299 2031; x_wconf 79' lang='lat' dir='ltr'>collata</span> <span class='ocrx_word' id='word_1_193' title='bbox 1332 2003 1426 2037; x_wconf 82' lang='lat' dir='ltr'>erat,</span> <span class='ocrx_word' id='word_1_194' title='bbox 1458 2011 1536 2031; x_wconf 78' lang='lat' dir='ltr'>ma-</span> 
     </span>
     <span class='ocr_line' id='line_1_30' title="bbox 75 2042 1532 2123; baseline 0.003 -49"><span class='ocrx_word' id='word_1_195' title='bbox 75 2054 202 2123; x_wconf 50' lang='lat' dir='ltr'>ssgsssd</span> <span class='ocrx_word' id='word_1_196' title='bbox 220 2042 321 2122; x_wconf 60' lang='grc' dir='ltr'>8ίέἷῖ</span> <span class='ocrx_word' id='word_1_197' title='bbox 359 2060 406 2066; x_wconf 86' lang='lat'>-</span> <span class='ocrx_word' id='word_1_198' title='bbox 441 2055 576 2088; x_wconf 81' lang='lat' dir='ltr'>magno</span> <span class='ocrx_word' id='word_1_199' title='bbox 600 2045 683 2079; x_wconf 78' lang='lat' dir='ltr'>sibi.</span> <span class='ocrx_word' id='word_1_200' title='bbox 710 2054 784 2077; x_wconf 89' lang='lat' dir='ltr'>om.</span> <span class='ocrx_word' id='word_1_201' title='bbox 809 2045 882 2077; x_wconf 77' lang='lat' dir='ltr'>sihi</span> <span class='ocrx_word' id='word_1_202' title='bbox 914 2043 985 2075; x_wconf 82' lang='lat' dir='ltr'>Md.</span> <span class='ocrx_word' id='word_1_203' title='bbox 1015 2043 1106 2077; x_wconf 86' lang='lat' dir='ltr'>Cdd.</span> <span class='ocrx_word' id='word_1_204' title='bbox 1139 2045 1333 2088; x_wconf 82' lang='lat' dir='ltr'>plerique,</span> <span class='ocrx_word' id='word_1_205' title='bbox 1375 2047 1472 2081; x_wconf 77' lang='lat' dir='ltr'>Viet.</span> <span class='ocrx_word' id='word_1_206' title='bbox 1502 2050 1532 2081; x_wconf 80' lang='lat'>1.</span> 
     </span>
    </p>
   </div>
   <div class='ocr_carea' id='block_1_12' title="bbox 76 2161 1534 2624">
    <p class='ocr_par' dir='ltr' id='par_1_12' title="bbox 76 2161 1534 2624">
     <span class='ocr_line' id='line_1_31' title="bbox 171 2161 1534 2206; baseline 0.005 -14"><span class='ocrx_word' id='word_1_207' title='bbox 171 2164 205 2195; x_wconf 88' lang='lat'>1.</span> <span class='ocrx_word' id='word_1_208' title='bbox 258 2161 502 2203; x_wconf 69' lang='lat' dir='ltr'>Galat-tinum,</span> <span class='ocrx_word' id='word_1_209' title='bbox 530 2173 605 2195; x_wconf 89' lang='lat' dir='ltr'>von</span> <span class='ocrx_word' id='word_1_210' title='bbox 633 2161 795 2199; x_wconf 80' lang='lat' dir='ltr'>Calacta,</span> <span class='ocrx_word' id='word_1_211' title='bbox 838 2162 1002 2201; x_wconf 78' lang='lat' dir='ltr'>Calacte,</span> <span class='ocrx_word' id='word_1_212' title='bbox 1031 2163 1122 2204; x_wconf 69' lang='grc' dir='ltr'>καλή</span> <span class='ocrx_word' id='word_1_213' title='bbox 1149 2163 1246 2206; x_wconf 78' lang='grc' dir='ltr'>Ἀκτή</span> <span class='ocrx_word' id='word_1_214' title='bbox 1283 2165 1364 2204; x_wconf 78' lang='lat' dir='ltr'>(das</span> <span class='ocrx_word' id='word_1_215' title='bbox 1391 2166 1534 2200; x_wconf 75' lang='lat' dir='ltr'>schb&#39;ne</span> 
     </span>
     <span class='ocr_line' id='line_1_32' title="bbox 76 2208 1532 2252; baseline 0.002 -10"><span class='ocrx_word' id='word_1_216' title='bbox 76 2208 282 2252; x_wconf 77' lang='lat' dir='ltr'>vorland)‚</span> <span class='ocrx_word' id='word_1_217' title='bbox 310 2208 417 2242; x_wconf 88' lang='lat' dir='ltr'>einer</span> <span class='ocrx_word' id='word_1_218' title='bbox 442 2209 550 2242; x_wconf 80' lang='lat' dir='ltr'>stadt</span> <span class='ocrx_word' id='word_1_219' title='bbox 576 2221 634 2242; x_wconf 87' lang='lat' dir='ltr'>am</span> <span class='ocrx_word' id='word_1_220' title='bbox 664 2209 824 2243; x_wconf 82' lang='lat' dir='ltr'>Gestade</span> <span class='ocrx_word' id='word_1_221' title='bbox 850 2221 925 2242; x_wconf 84' lang='lat' dir='ltr'>von</span> <span class='ocrx_word' id='word_1_222' title='bbox 952 2209 1121 2250; x_wconf 67' lang='lat' dir='ltr'>Sic-ilion,</span> <span class='ocrx_word' id='word_1_223' title='bbox 1150 2223 1208 2245; x_wconf 86' lang='lat' dir='ltr'>wo</span> <span class='ocrx_word' id='word_1_224' title='bbox 1227 2213 1327 2245; x_wconf 88' lang='lat' dir='ltr'>noch</span> <span class='ocrx_word' id='word_1_225' title='bbox 1352 2212 1436 2247; x_wconf 85' lang='lat' dir='ltr'>ihre</span> <span class='ocrx_word' id='word_1_226' title='bbox 1457 2214 1532 2246; x_wconf 81' lang='lat' dir='ltr'>Ru-</span> 
     </span>
     <span class='ocr_line' id='line_1_33' title="bbox 77 2256 1532 2304; baseline 0.003 -16"><span class='ocrx_word' id='word_1_227' title='bbox 77 2256 166 2289; x_wconf 89' lang='lat' dir='ltr'>dera</span> <span class='ocrx_word' id='word_1_228' title='bbox 194 2256 375 2289; x_wconf 60' lang='lat' dir='ltr'>niirdlich</span> <span class='ocrx_word' id='word_1_229' title='bbox 400 2267 489 2289; x_wconf 89' lang='lat' dir='ltr'>vom</span> <span class='ocrx_word' id='word_1_230' title='bbox 517 2257 686 2304; x_wconf 79' lang='lat' dir='ltr'>ietzigen</span> <span class='ocrx_word' id='word_1_231' title='bbox 712 2256 872 2291; x_wconf 77' lang='lat' dir='ltr'>C&#39;a&#39;ronia</span> <span class='ocrx_word' id='word_1_232' title='bbox 901 2269 947 2289; x_wconf 89' lang='lat' dir='ltr'>zu</span> <span class='ocrx_word' id='word_1_233' title='bbox 975 2257 1089 2291; x_wconf 81' lang='lat' dir='ltr'>seben</span> <span class='ocrx_word' id='word_1_234' title='bbox 1116 2258 1212 2291; x_wconf 82' lang='lat' dir='ltr'>sind.</span> <span class='ocrx_word' id='word_1_235' title='bbox 1239 2279 1285 2284; x_wconf 91' lang='lat'>—</span> <span class='ocrx_word' id='word_1_236' title='bbox 1322 2262 1412 2294; x_wconf 78' lang='lat' dir='ltr'>Eius</span> <span class='ocrx_word' id='word_1_237' title='bbox 1438 2262 1532 2293; x_wconf 78' lang='lat' dir='ltr'>hona</span> 
     </span>
     <span class='ocr_line' id='line_1_34' title="bbox 78 2304 1533 2352; baseline 0.003 -16"><span class='ocrx_word' id='word_1_238' title='bbox 78 2309 264 2337; x_wconf 76' lang='lat' dir='ltr'>...contra</span> <span class='ocrx_word' id='word_1_239' title='bbox 301 2306 393 2349; x_wconf 79' lang='lat' dir='ltr'>leg-cs</span> <span class='ocrx_word' id='word_1_240' title='bbox 421 2305 571 2345; x_wconf 58' lang='lat' dir='ltr'>Calact„</span> <span class='ocrx_word' id='word_1_241' title='bbox 605 2305 711 2338; x_wconf 71' lang='lat' dir='ltr'>§eine</span> <span class='ocrx_word' id='word_1_242' title='bbox 739 2305 862 2337; x_wconf 80' lang='lat' dir='ltr'>Giiter</span> <span class='ocrx_word' id='word_1_243' title='bbox 895 2304 980 2337; x_wconf 82' lang='lat' dir='ltr'>sind</span> <span class='ocrx_word' id='word_1_244' title='bbox 1013 2317 1136 2352; x_wconf 73' lang='lat' dir='ltr'>gegen</span> <span class='ocrx_word' id='word_1_245' title='bbox 1171 2307 1232 2340; x_wconf 84' lang='lat' dir='ltr'>die</span> <span class='ocrx_word' id='word_1_246' title='bbox 1258 2307 1431 2341; x_wconf 81' lang='lat' dir='ltr'>Statuten</span> <span class='ocrx_word' id='word_1_247' title='bbox 1465 2308 1533 2341; x_wconf 71' lang='lat' dir='ltr'>det·</span> 
     </span>
     <span class='ocr_line' id='line_1_35' title="bbox 78 2350 1530 2402; baseline 0.002 -18"><span class='ocrx_word' id='word_1_248' title='bbox 78 2351 293 2384; x_wconf 77' lang='lat' dir='ltr'>Calactiner</span> <span class='ocrx_word' id='word_1_249' title='bbox 326 2352 379 2384; x_wconf 87' lang='lat' dir='ltr'>im</span> <span class='ocrx_word' id='word_1_250' title='bbox 405 2353 554 2385; x_wconf 86' lang='lat' dir='ltr'>Namen</span> <span class='ocrx_word' id='word_1_251' title='bbox 590 2353 692 2385; x_wconf 76' lang='lat' dir='ltr'>eines</span> <span class='ocrx_word' id='word_1_252' title='bbox 717 2352 870 2385; x_wconf 84' lang='lat' dir='ltr'>Dritten</span> <span class='ocrx_word' id='word_1_253' title='bbox 897 2363 971 2385; x_wconf 87' lang='lat' dir='ltr'>von</span> <span class='ocrx_word' id='word_1_254' title='bbox 998 2350 1243 2401; x_wconf 76' lang='lat' dir='ltr'>Stadtwegen</span> <span class='ocrx_word' id='word_1_255' title='bbox 1275 2355 1464 2402; x_wconf 76' lang='lat' dir='ltr'>vorl&#39;a&#39;nfig</span> <span class='ocrx_word' id='word_1_256' title='bbox 1491 2355 1530 2387; x_wconf 80' lang='lat' dir='ltr'>in</span> 
     </span>
     <span class='ocr_line' id='line_1_36' title="bbox 76 2399 1528 2445; baseline 0.003 -14"><span class='ocrx_word' id='word_1_257' title='bbox 76 2399 202 2432; x_wconf 81' lang='lat' dir='ltr'>Besitz</span> <span class='ocrx_word' id='word_1_258' title='bbox 228 2410 470 2445; x_wconf 84' lang='lat' dir='ltr'>genommen.</span> <span class='ocrx_word' id='word_1_259' title='bbox 503 2401 646 2444; x_wconf 74' lang='lat' dir='ltr'>publice</span> <span class='ocrx_word' id='word_1_260' title='bbox 677 2399 929 2444; x_wconf 74' lang='lat' dir='ltr'>possidentur,</span> <span class='ocrx_word' id='word_1_261' title='bbox 966 2412 1061 2444; x_wconf 83' lang='lat' dir='ltr'>quae</span> <span class='ocrx_word' id='word_1_262' title='bbox 1095 2403 1319 2436; x_wconf 74' lang='lat' dir='ltr'>auctoritate</span> <span class='ocrx_word' id='word_1_263' title='bbox 1355 2408 1390 2435; x_wconf 84' lang='lat' dir='ltr'>et</span> <span class='ocrx_word' id='word_1_264' title='bbox 1428 2403 1528 2435; x_wconf 82' lang='lat' dir='ltr'>iussu</span> 
     </span>
     <span class='ocr_line' id='line_1_37' title="bbox 78 2447 1529 2491; baseline 0.002 -12"><span class='ocrx_word' id='word_1_265' title='bbox 78 2447 135 2480; x_wconf 84' lang='lat' dir='ltr'>rei</span> <span class='ocrx_word' id='word_1_266' title='bbox 161 2447 337 2490; x_wconf 80' lang='lat' dir='ltr'>publicae</span> <span class='ocrx_word' id='word_1_267' title='bbox 362 2447 626 2491; x_wconf 75' lang='lat' dir='ltr'>possidentur;</span> <span class='ocrx_word' id='word_1_268' title='bbox 668 2450 786 2481; x_wconf 75' lang='lat' dir='ltr'>alieno</span> <span class='ocrx_word' id='word_1_269' title='bbox 811 2450 954 2480; x_wconf 76' lang='lat' dir='ltr'>nominc</span> <span class='ocrx_word' id='word_1_270' title='bbox 981 2448 1005 2480; x_wconf 85' lang='lat' dir='ltr'>i.</span> <span class='ocrx_word' id='word_1_271' title='bbox 1034 2460 1063 2480; x_wconf 78' lang='lat' dir='ltr'>e.</span> <span class='ocrx_word' id='word_1_272' title='bbox 1091 2460 1133 2481; x_wconf 84' lang='lat' dir='ltr'>ac</span> <span class='ocrx_word' id='word_1_273' title='bbox 1159 2449 1190 2482; x_wconf 91' lang='lat' dir='ltr'>si</span> <span class='ocrx_word' id='word_1_274' title='bbox 1217 2450 1373 2482; x_wconf 78' lang='lat' dir='ltr'>alterius</span> <span class='ocrx_word' id='word_1_275' title='bbox 1400 2450 1529 2483; x_wconf 81' lang='lat' dir='ltr'>absen-</span> 
     </span>
     <span class='ocr_line' id='line_1_38' title="bbox 76 2494 1528 2543; baseline 0.003 -16"><span class='ocrx_word' id='word_1_276' title='bbox 76 2494 123 2527; x_wconf 76' lang='lat' dir='ltr'>tis</span> <span class='ocrx_word' id='word_1_277' title='bbox 151 2494 213 2527; x_wconf 82' lang='lat' dir='ltr'>vel</span> <span class='ocrx_word' id='word_1_278' title='bbox 239 2494 382 2538; x_wconf 77' lang='lat' dir='ltr'>pupilli</span> <span class='ocrx_word' id='word_1_279' title='bbox 408 2500 540 2528; x_wconf 69' lang='lat' dir='ltr'>essent.</span> <span class='ocrx_word' id='word_1_280' title='bbox 592 2495 796 2530; x_wconf 76' lang='lat' dir='ltr'>VVieland:</span> <span class='ocrx_word' id='word_1_281' title='bbox 832 2505 934 2536; x_wconf 75' lang='lat' dir='ltr'>„von</span> <span class='ocrx_word' id='word_1_282' title='bbox 966 2507 1101 2543; x_wconf 80' lang='lat' dir='ltr'>wegen</span> <span class='ocrx_word' id='word_1_283' title='bbox 1135 2496 1240 2530; x_wconf 86' lang='lat' dir='ltr'>einer</span> <span class='ocrx_word' id='word_1_284' title='bbox 1266 2497 1339 2530; x_wconf 80' lang='lat' dir='ltr'>den</span> <span class='ocrx_word' id='word_1_285' title='bbox 1365 2497 1528 2541; x_wconf 79' lang='lat' dir='ltr'>Hippias</span> 
     </span>
     <span class='ocr_line' id='line_1_39' title="bbox 77 2541 1528 2590; baseline 0.002 -16"><span class='ocrx_word' id='word_1_286' title='bbox 77 2541 202 2574; x_wconf 70' lang='lat' dir='ltr'>nichts</span> <span class='ocrx_word' id='word_1_287' title='bbox 240 2541 490 2588; x_wconf 78' lang='lat' dir='ltr'>angehenden</span> <span class='ocrx_word' id='word_1_288' title='bbox 525 2541 924 2590; x_wconf 83' lang='lat' dir='ltr'>Schuldforderung.“</span> <span class='ocrx_word' id='word_1_289' title='bbox 967 2562 1014 2569; x_wconf 85' lang='lat'>-—</span> <span class='ocrx_word' id='word_1_290' title='bbox 1056 2545 1232 2589; x_wconf 77' lang='lat' dir='ltr'>expedias,</span> <span class='ocrx_word' id='word_1_291' title='bbox 1268 2545 1348 2578; x_wconf 88' lang='lat' dir='ltr'>ihm</span> <span class='ocrx_word' id='word_1_292' title='bbox 1384 2544 1528 2577; x_wconf 85' lang='lat' dir='ltr'>durch·</span> 
     </span>
     <span class='ocr_line' id='line_1_40' title="bbox 77 2589 226 2624; baseline 0.013 -3"><span class='ocrx_word' id='word_1_293' title='bbox 77 2589 226 2624; x_wconf 76' lang='lat' dir='ltr'>helfeat.</span> 
     </span>
    </p>
   </div>
   <div class='ocr_carea' id='block_1_13' title="bbox 171 2660 1525 2709">
    <p class='ocr_par' dir='ltr' id='par_1_13' title="bbox 171 2660 1525 2709">
     <span class='ocr_line' id='line_1_41' title="bbox 171 2660 1525 2709; baseline -0.001 -13"><span class='ocrx_word' id='word_1_294' title='bbox 171 2664 205 2696; x_wconf 91' lang='lat'>1.</span> <span class='ocrx_word' id='word_1_295' title='bbox 254 2666 318 2695; x_wconf 75' lang='lat' dir='ltr'>cst.</span> <span class='ocrx_word' id='word_1_296' title='bbox 353 2661 412 2694; x_wconf 73' lang='lat' dir='ltr'>Ex</span> <span class='ocrx_word' id='word_1_297' title='bbox 438 2662 562 2706; x_wconf 75' lang='lat' dir='ltr'>suppl.</span> <span class='ocrx_word' id='word_1_298' title='bbox 589 2660 684 2695; x_wconf 83' lang='lat' dir='ltr'>Edd.</span> <span class='ocrx_word' id='word_1_299' title='bbox 712 2671 790 2709; x_wconf 30' lang='lat' dir='ltr'>om..</span> <span class='ocrx_word' id='word_1_300' title='bbox 817 2665 868 2695; x_wconf 77' lang='lat' dir='ltr'>cst</span> <span class='ocrx_word' id='word_1_301' title='bbox 893 2662 966 2695; x_wconf 80' lang='lat' dir='ltr'>md.</span> <span class='ocrx_word' id='word_1_302' title='bbox 996 2663 1069 2696; x_wconf 74' lang='grc' dir='ltr'>ΟΒ.</span> <span class='ocrx_word' id='word_1_303' title='bbox 1108 2681 1152 2687; x_wconf 91' lang='grc'><strong>-</strong></span> <span class='ocrx_word' id='word_1_304' title='bbox 1186 2663 1361 2703; x_wconf 66' lang='lat' dir='ltr'>observat,</span> <span class='ocrx_word' id='word_1_305' title='bbox 1400 2673 1442 2695; x_wconf 81' lang='lat' dir='ltr'>er</span> <span class='ocrx_word' id='word_1_306' title='bbox 1467 2674 1525 2696; x_wconf 73' lang='lat' dir='ltr'>er-</span> 
     </span>
    </p>
   </div>
  </div>
 </body>
</html>
