1795 3081
201 67 303 117 266
454 64 525 112 M.
561 66 616 114 Τ.
653 64 997 116 CICERONIS
1032 66 1411 118 EPISTOLAE.

365 185 690 236 EPISTOLA
723 187 953 239 DXLIV.
1016 187 1101 248 (ad
1134 188 1238 237 Att.
1273 189 1382 238 XII.
1418 190 1519 250 26.)

280 277 363 312 scr.
392 276 553 310 Asturae
580 275 683 310 circa
708 275 792 311 ΧΠ.
819 276 900 313 Kal.
927 276 1022 323 Apr.
1049 276 1091 315 A.
1118 278 1164 314 U,
1192 278 1232 313 c.
1258 279 1338 316 709.
1378 280 1428 322 (a.
1455 279 1497 314 c.
1523 279 1601 321 45.)

205 350 335 385 Sicam
361 348 408 382 ad
434 358 473 383 se
499 352 732 390 venturum3
773 349 925 383 Atticus
962 349 1065 393 quod
1092 361 1171 384 non
1196 349 1351 394 veniat,
1384 362 1423 386 se
1449 350 1669 400 ignoscere;

570 396 725 432 Niciam
752 397 800 431 ad
825 409 863 431 se
889 398 1027 432 venire
1055 398 1174 432 nolle.
1211 400 1315 435 1-2.

709 467 888 503 CICERO
915 468 1097 505 ATTICO
1123 469 1160 504 S.

315 539 461 591 Sicca,
501 546 553 580 ut
588 540 760 585 scribit,
810 542 943 580 etiam
985 542 1024 580 si
1059 542 1174 582 nihil
1210 543 1456 585 confecerit
1493 556 1594 583 cum
1620 541 1667 582 A.

203 595 334 646 Silio,
365 603 511 636 tamen
541 609 586 636 se
614 596 773 636 scribit
800 611 841 635 x,
872 596 973 636 Kal.
1014 610 1107 637 esse
1144 606 1399 639 venturum.
1459 598 1570 638 Tuis
1599 611 1671 638 oc-

204 652 519 705 cupationibus
548 653 756 707 ignosc03
801 665 963 705 eaeque
1005 653 1117 692 mihi
1159 661 1262 695 sunt
1297 661 1443 695 notae.
1498 653 1567 694 De
1593 666 1669 693 vo-

202 708 376 747 luntate
405 714 497 757 tua,
527 713 579 746 ut
606 707 739 745 simul
768 708 918 760 simus,
947 708 1022 747 vel
1049 708 1197 749 studio
1233 712 1381 764 potius
1419 715 1465 750 et
1501 708 1669 761 cupidi-

160 764 295 806 2tate
325 776 415 801 non
445 761 614 802 dubito.
673 761 740 801 De
769 762 902 801 Nicia
929 763 1046 816 quod
1074 766 1248 816 scribis,
1284 767 1322 805 si
1351 767 1414 805 ita
1442 777 1512 804 me
1541 764 1671 803 habe-

202 831 314 869 rem,
343 824 394 856 ut
423 818 517 857 eius
547 817 821 857 humanitate
850 819 941 856 frui
969 831 1155 871 possem,
1187 822 1233 859 in
1262 822 1418 874 primis
1435 820 1598 860 vellem
1618 819 1669 857 il-

201 874 296 913 lum
326 886 498 912 mecum
528 872 706 912 habere.
765 871 853 912 Sed
881 874 992 911 mihi
1026 875 1222 914 solitudo
1261 882 1307 915 et
1343 888 1541 915 recessus
1569 887 1670 928 pro-

200 929 353 968 vincia
383 934 457 967 est.
518 927 647 979 Quod
677 928 780 981 quia
809 929 941 968 facile
970 930 1142 969 ferebat
1171 929 1314 977 Sicca,
1351 943 1402 969 eo
1434 931 1574 985 magis
1614 931 1666 968 il-

202 984 297 1023 lum
328 982 549 1022 desidero.
609 983 846 1022 Praeterea
884 985 1001 1022 nosti
1030 984 1188 1024 Niciae
1218 987 1360 1025 nostri
1390 986 1670 1024 imbecillita-

201 1045 309 1088 tem⁷
364 1039 618 1089 mollitiam,
677 1038 1039 1078 consuetudinem
1082 1042 1241 1080 victus.
1321 1040 1413 1081 Cur
1457 1053 1564 1096 ergo
1603 1040 1672 1079 illi

201 1095 414 1134 molestus
459 1106 551 1133 esse
593 1093 747 1143 velim,
793 1107 926 1146 quum
968 1095 1078 1134 mihi
1108 1097 1188 1135 ille
1217 1095 1434 1135 iucundus
1465 1109 1556 1135 esse
1585 1109 1670 1134 non

201 1150 376 1202 possit?
421 1148 642 1187 Voluntas
671 1155 818 1188 tamen
850 1151 943 1188 eius
972 1151 1083 1188 mihi
1113 1158 1242 1207 grata
1272 1158 1348 1191 est.
1407 1151 1548 1190 Unam
1579 1163 1671 1191 rem

201 1204 258 1244 ad
296 1217 366 1244 me
402 1204 638 1257 scripsisti,
680 1203 733 1243 de
771 1218 856 1256 qua
894 1204 1075 1245 decrevi
1121 1207 1237 1245 nihil
1276 1207 1361 1246 tibi
1410 1207 1672 1246 rescribere.

200 1259 343 1312 Spero
375 1261 493 1300 enim
522 1272 591 1298 me
621 1272 645 1297 a
676 1265 720 1298 te
750 1259 1024 1312 impetrasse,
1058 1268 1109 1301 ut
1136 1263 1340 1316 privares
1369 1276 1439 1302 me
1468 1263 1553 1303 ista
1580 1274 1671 1303 mo-

200 1315 344 1356 lestia.
401 1314 541 1355 Piliae
572 1320 617 1355 et
644 1313 819 1354 Atticae
849 1316 1049 1356 salutem.

296 1455 331 1487 1.
384 1463 465 1486 cum
501 1451 605 1486 Silio.
651 1450 688 1486 S.
724 1451 761 1485 d.
797 1452 949 1501 Anfang·
983 1452 1047 1486 des
1079 1453 1203 1502 vorig.
1243 1453 1380 1489 Briefs.
1427 1473 1470 1481 --
1512 1465 1552 1489 Χ.
1587 1454 1670 1488 Kal.

198 1500 368 1546 Apriles,
397 1499 471 1534 den
495 1501 553 1535 23.
581 1501 696 1533 Marz.
724 1519 772 1524 —
798 1506 988 1534 venturum
1015 1500 1061 1533 ad
1085 1512 1157 1535 me.
1187 1521 1227 1528 —
1255 1505 1415 1549 ignosco.
1443 1501 1479 1535 S.
1504 1514 1563 1547 ep.
1592 1503 1672 1544 533,

198 1552 234 1585 4.
273 1551 344 1584 532
370 1559 493 1595 geg-en
519 1548 631 1582 Ende
657 1560 693 1582 u.
721 1561 749 1582 s.
777 1561 827 1583 w.
854 1566 901 1574 ·-
927 1555 969 1583 ut
993 1550 1109 1583 simul
1129 1552 1257 1593 simus,
1292 1550 1373 1584 dass
1397 1549 1491 1586 Wir
1516 1550 1672 1585 beisam-

201 1609 293 1631 men
321 1597 404 1630 sein
430 1596 626 1629 mochten.

298 1658 333 1691 2.
386 1657 427 1689 de
451 1655 573 1691 Nicia.
618 1656 748 1689 Nicias
783 1655 937 1691 Curtius
972 1657 1244 1705 grammaticus
1281 1655 1408 1689 Attico
1447 1656 1609 1699 dixerat,
1643 1657 1671 1691 si

202 1703 387 1738 Ciceroni
413 1704 626 1737 iucundum
653 1705 768 1745 foret,
794 1716 832 1738 se
858 1705 905 1737 ad
932 1717 1019 1739 eum
1047 1718 1125 1740 esse
1152 1711 1374 1738 venturum.
1408 1705 1510 1740 SCH,
1552 1706 1671 1738 Habet

202 1751 323 1786 haec:
349 1754 404 1785 De
429 1752 562 1785 Nicia.
579 1777 587 1786 .
605 1757 740 1797 .grata
766 1757 819 1785 cst
844 1752 997 1786 sueton.
1028 1756 1193 1787 Gramm.
1221 1754 1249 1796 ξ.
1272 1755 1326 1787 14.
1357 1754 1431 1786 OR.
1458 1752 1494 1786 S.
1514 1765 1572 1798 ep.
1591 1755 1669 1788 1211.

202 1803 286 1837 519.
314 1803 395 1836 537.
422 1802 503 1835 2911.
539 1802 621 1835 588.
659 1800 753 1833 iiber
778 1801 919 1833 Nicias.
959 1820 999 1826 —
1036 1805 1069 1835 si
1095 1804 1150 1834 ita
1175 1814 1230 1835 me
1255 1801 1431 1839 haberem,
1466 1812 1581 1834 wenn
1605 1801 1671 1834 ich

202 1847 310 1882 mich
337 1859 375 1881 so
402 1847 573 1881 beffinde.
599 1866 647 1872 —-
672 1849 867 1890 humanit„
902 1848 985 1882 sein
1010 1849 1281 1884 freundliches
1307 1848 1562 1891 Anerbieten3
1591 1861 1672 1884 sua-

203 1897 324 1930 vitate
351 1896 554 1939 colloquii,
579 1897 745 1938 facetiis,
772 1896 995 1931 urbanitate.
1024 1899 1126 1931 SCH.
1154 1916 1200 1923 —
1222 1900 1416 1942 provincia
1436 1896 1460 1928 i.
1484 1908 1514 1931 e.
1542 1898 1674 1932 solitu-

204 1944 296 1978 dine
324 1950 360 1978 et
386 1955 536 1977 recessu
564 1944 665 1977 mihi
693 1955 797 1977 nunc
825 1945 925 1978 nihil
954 1946 1079 1978 carius
1115 1950 1181 1986 est,
1219 1957 1265 1978 ne
1298 1944 1520 1990 provinciae
1556 1945 1674 1979 admi-

204 1992 386 2025 nistratio
415 1991 584 2036 quidem,
611 2004 725 2035 quam
752 1993 867 2026 multi
892 1999 1090 2037 appetunt.
1130 2007 1198 2038 pro
1217 1996 1316 2027 victu
1341 1993 1407 2026 vel
1433 1997 1599 2027 convictu
1624 1992 1671 2032 (d.

205 2039 234 2073 i.
274 2040 341 2072 ich
376 2040 459 2073 lebe
500 2040 581 2073 und
612 2041 719 2074 webe
763 2040 804 2076 in
849 2041 919 2074 der
950 2042 1209 2082 Einsamkeit)
1255 2040 1342 2074 Sch.
1378 2052 1478 2085 susp.
1524 2042 1673 2076 Refutat

204 2087 467 2134 Baumgarten
495 2087 652 2121 Crusius
678 2089 725 2121 ad
751 2088 907 2124 Sueton.
937 2089 962 2122 l.
991 2090 1016 2123 l.
1058 2091 1131 2124 ΟΒ.
1173 2089 1264 2136 Vgl.
1293 2089 1392 2122 Orat.
1423 2089 1464 2121 in
1490 2090 1612 2124 Pison.
1640 2100 1671 2123 0.

203 2137 273 2169 22:
298 2138 370 2169 tibi
399 2137 561 2169 solitudo
585 2149 653 2179 pro
670 2136 888 2182 frequentia
923 2143 1015 2171 erat.
1049 2157 1095 2162 ——
1121 2137 1283 2181 ferebat,
1319 2136 1412 2170 weil
1447 2136 1532 2171 sich
1566 2137 1673 2170 Sicca

204 2183 340 2217 hierin
368 2183 490 2216 leicht
516 2185 615 2217 nach
641 2185 718 2216 mir
742 2186 957 2229 bequemen
990 2186 1136 2219 vviirde.
1170 2203 1218 2209 ·—
1259 2198 1297 2219 eo
1323 2187 1457 2229 magz's,
1496 2186 1608 2220 Oxon.
1636 2187 1668 2219 2.

206 2244 272 2277 ego
307 2235 441 2276 magis,
475 2232 577 2274 quod
612 2234 785 2277 praefert
821 2234 918 2266 Ern.
954 2233 1042 2268 Sch.
1078 2235 1171 2268 Liin.
1206 2252 1253 2257 -
1285 2233 1457 2271 desidero,
1493 2233 1673 2280 verlangt

205 2279 317 2312 mich
346 2279 444 2312 nach
472 2279 565 2315 ihm.
593 2299 641 2304 —
667 2293 763 2326 ergo.
805 2280 868 2314 Sic
895 2281 1050 2316 sueton.
1088 2280 1257 2315 Oudend.
1293 2280 1366 2314 Md.
1403 2281 1510 2326 prob.
1546 2281 1672 2317 Beier.

205 2340 273 2372 ego
308 2327 406 2362 cett,
446 2327 519 2361 OR.
563 2346 604 2352 —-
640 2331 811 2363 molestus
845 2342 925 2363 csse.
963 2328 1027 2362 Sic
1065 2329 1218 2363 Sueton.
1251 2328 1334 2361 Asc.
1363 2333 1394 2363 1.
1433 2328 1531 2362 Crat.
1563 2329 1671 2374 prob.

206 2375 332 2409 Beier.
359 2387 434 2409 om.
462 2387 531 2409 esse
557 2377 653 2410 Cett.
681 2388 767 2409 cum
794 2377 871 2411 Md.
903 2379 976 2410 ΟΒ.
1014 2378 1139 2411 Ueber
1165 2377 1237 2410 ‹len
1265 2377 1418 2411 Nomin.
1446 2388 1533 2410 curn
1559 2377 1670 2410 Infin.

206 2435 234 2457 s.
261 2422 412 2457 Ramsh.
450 2423 477 2465 §.
506 2426 587 2465 168,
614 2424 654 2462 Β,
686 2428 719 2460 2.
754 2426 799 2458 N.
828 2428 860 2459 3.
888 2428 922 2459 4.
958 2425 1104 2460 Grotef.
1141 2425 1171 2466 ἕ.
1199 2426 1269 2459 205
1295 2438 1331 2458 u.
1359 2427 1443 2460 312.
1480 2443 1523 2450 -—·
1558 2425 1673 2459 Unam

207 2483 297 2510 rem,
326 2471 371 2504 de
392 2472 575 2504 Terentia
601 2473 684 2507 scil.
711 2473 816 2506 cuius
842 2474 1040 2521 negotium
1067 2479 1110 2507 ut
1130 2473 1277 2506 Atticus
1304 2478 1425 2507 totum
1452 2473 1674 2517 susciperet,

207 2519 283 2551 iam
312 2524 424 2552 antea
451 2521 528 2564 (ep.
554 2521 639 2562 541,
663 2522 696 2556 2.
723 2521 798 2559 bes.
825 2524 907 2565 535,
935 2523 987 2566 4.)
1015 2533 1102 2557 euin
1128 2526 1343 2568 rogaverat.
1386 2522 1488 2558 SCH.
1525 2540 1567 2547 —
1598 2533 1674 2555 mo-

206 2568 329 2609 lestia,
357 2577 486 2609 onere,
514 2568 613 2603 Last-
