1795 3081
228 63 325 112 250
490 62 556 109 Μ.
593 62 646 110 Τ.
674 59 1006 110 CICERONIS
1040 61 1418 111 EPISTOLAE..

230 190 374 238 potest
401 190 544 223 tamen
574 183 695 231 fieri3
725 180 800 222 sed
827 184 940 223 scire
969 189 1138 223 certum
1168 184 1298 223 vel'im
1327 204 1381 210 —
1421 189 1463 222 et
1494 183 1683 235 appelles

228 245 555 293 procuratores,
585 238 620 276 si
637 238 719 278 tibi
737 236 926 278 videtur.
958 240 1227 291 Quamquam
1250 237 1357 290 quid
1386 236 1440 276 ad
1467 240 1564 276 me?
1597 238 1682 277 Ve-

231 300 490 334 rumtamen.
522 293 681 332 Pansae
710 294 1027 345 profectionem
1055 294 1232 344 scribes,
1265 306 1398 344 quum
1420 295 1540 332 scies.
1571 292 1682 331 Atti-

230 364 325 389 cam
354 350 520 388 salvere
549 348 652 388 iube
682 354 725 387 et
754 361 848 388 eam
878 360 997 398 cura,
1027 348 1222 399 obsecro,
1256 347 1498 402 diligenter.
1548 347 1683 387 Piliae

231 405 425 445 salutem.
963 401 974 411 ⁴

378 539 698 589 EPISTOLA
732 540 975 591 DxXxv.
1041 540 1122 600 (ad
1157 541 1261 588 Att.
1295 541 1404 588 ΧΠ.
1442 540 1539 598 19.)

365 616 447 651 Scr.
474 618 635 651 Asturae
661 627 790 650 mense
816 617 955 652 Martio
981 619 1025 651 A.
1052 619 1096 653 U.
1124 617 1165 654 C.
1191 621 1272 654 709.
1322 619 1370 659 (a.
1398 617 1437 651 C.
1463 616 1539 658 45.)

231 677 289 711 De
316 677 404 710 loco
431 677 476 710 ad
501 678 634 710 sanum
659 676 815 710 Tulliae
849 677 1123 711 exstruendum
1156 678 1349 724 eligendo.
1378 681 1409 711 1.
1437 677 1481 710 de
1508 674 1682 716 Cocceio,

231 725 403 765 Libone,
440 733 478 758 et
512 725 685 758 iudicatu
718 735 784 757 suo
819 735 915 767 quae
943 726 1090 759 Atticus
1125 727 1270 772 egerit,
1309 726 1380 758 sibi
1412 722 1595 769 probari;
1635 723 1681 755 de

231 773 439 818 sponsione
464 784 529 805 sua
554 782 625 817 pro
644 772 878 811 Cornificio;
906 772 950 806 de
962 773 1123 807 Antonii
1151 773 1289 806 reditu.
1314 774 1346 808 2.
1373 773 1420 806 de
1433 773 1569 806 Pansae
1592 780 1683 815 pro-

463 821 635 855 sectione
659 823 694 855 3.
720 819 765 852 de
793 820 1055 854 transactione
1082 833 1170 853 cum
1197 820 1387 855 Terentia.
1413 822 1447 855 4.

738 877 918 913 CICERO
943 879 1120 914 ATTICO
1151 878 1186 914 S.

343 954 420 994 Est
447 953 518 993 hic
548 951 722 1005 quidem
753 952 869 990 locus
896 964 1098 991 amoenus
1136 959 1178 994 et
1215 954 1261 991 in
1298 953 1409 990 mari
1444 953 1565 1005 ipso,
1607 951 1685 1003 qui

232 1016 277 1050 et
290 1011 418 1048 Antio
450 1014 492 1047 et
504 1006 686 1047 Circeiis
715 1005 882 1059 adspici
912 1008 1069 1058 possit:
1100 1008 1174 1047 sed
1203 1007 1389 1046 ineunda
1419 1008 1542 1046 nobis
1572 1007 1684 1044 ratio

232 1071 310 1114 est,
342 1060 704 1117 quemadmodum
733 1063 778 1101 in
809 1063 927 1100 omni
955 1065 1196 1103 mutatione
1226 1062 1527 1108 dominorum,
1574 1072 1686 1114 quae

231 1177 502 1225 geschrieben‚
526 1187 657 1210 waren
684 1175 859 1210 2412hre
886 1176 1104 1210 verssossen.
1119 1182 1254 1220 —pot’.
1274 1177 1412 1220 t.fleri,
1441 1173 1686 1223 gleichwohl

230 1226 368 1259 kb‘nnt‘
395 1237 432 1258 es
456 1223 631 1270 m'oglich
646 1225 739 1257 sein.
758 1241 799 1248 -—
816 1229 850 1256 et
870 1225 1028 1268 appelles
1040 1223 1163 1271 hang-t
1181 1236 1256 1258 von
1276 1226 1380 1258 velim
1398 1223 1451 1257 ab.
1467 1242 1512 1248 —-
1525 1224 1684 1267 appelles

228 1284 377 1319 procur.
404 1272 621 1313 Cornificii,
647 1284 684 1305 u.
714 1271 795 1304 dass
812 1271 869 1304 Du
896 1271 1053 1304 alsdann
1082 1272 1143 1305 die
1159 1272 1492 1319 Gesch'aststr'ager
1513 1271 1575 1303 des
1591 1270 1684 1303 Cor-

231 1321 389 1354 nificius
415 1321 641 1367 belangtest.
665 1337 706 1344 ·—
738 1321 978 1364 Quamquam,
1006 1319 1260 1366 gleichwth
1287 1332 1404 1353 zwar.
1431 1320 1522 1364 quid
1544 1320 1594 1351 acl
1616 1330 1683 1358 me,

231 1380 367 1413 quum,
395 1369 547 1401 etiamsi
572 1367 861 1411 spoponderim,
890 1367 1125 1400 Cornificius
1149 1374 1277 1401 tamen
1301 1367 1474 1411 locuples
1499 1367 1580 1411 ipse
1607 1366 1683 1398 sol-

231 1428 323 1450 vere
359 1416 476 1460 possit
508 1426 553 1448 ac
577 1414 727 1456 debeat,
774 1421 982 1458 antequam
1009 1415 1059 1453 ii,
1099 1415 1166 1458 qui
1203 1426 1275 1459 pro
1308 1426 1351 1448 eo
1378 1414 1683 1459 spoponderunt,

231 1464 489 1509 appellentur.
515 1463 615 1496 SCH.
637 1482 684 1487 -—
709 1462 975 1502 Verumtamen,
1002 1462 1114 1502 doch,
1141 1465 1209 1495 auf
1232 1463 1337 1496 allen
1352 1463 1458 1496 Falli
1479 1480 1525 1487 -—
1546 1461 1682 1495 Pansae

228 1512 335 1558 prof.
385 1511 421 1546 S.
452 1522 510 1556 ep.
535 1513 628 1551 530,
656 1513 689 1545 [l.
713 1529 757 1535 —
784 1523 861 1543 eam
889 1522 987 1544 cura.
1037 1509 1074 1544 S.
1101 1522 1157 1554 ep.
1184 1512 1267 1550 530,
1294 1513 1327 1545 4.

329 1563 361 1594 1.
411 1560 470 1593 hic
495 1585 502 1592 .
530 1583 541 1593 .
567 1561 674 1599 locus,
703 1570 843 1602 nempe
858 1559 1032 1591 Asturae.
1050 1576 1097 1583 —-
1114 1571 1282 1592 amoenus
1307 1561 1395 1591 fano
1423 1557 1465 1591 in
1491 1557 1681 1591 honorem

230 1607 387 1641 ‘Pulliae
413 1607 657 1642 exstruendo.
682 1624 729 1631 —-
755 1609 817 1651 qui
844 1615 890 1635 ’Ξ
914 1617 1057 1649 quum,
1099 1617 1165 1645 „so
1193 1607 1273 1639 dass
1299 1618 1342 1639 er
1368 1607 1421 1639 als
1448 1606 1511 1639 ein
1537 1605 1684 1638 Eiland

231 1667 308 1690 von
335 1655 409 1688 den
435 1655 703 1702 Vorgebirgen
730 1655 883 1686 Actium
912 1653 991 1685 und
1016 1652 1162 1686 Circeii
1188 1666 1234 1687 zu
1261 1654 1395 1687 beiden
1420 1653 1551 1686 Seiten
1576 1652 1682 1684 kann

232 1703 397 1751 gesehen
423 1704 630 1742 werden;‘⁴
658 1702 757 1734 deun
785 1701 846 1734 die
874 1700 1005 1733 kleine
1020 1701 1120 1733 Insel
1144 1701 1208 1748 lag
1234 1701 1345 1734 nicht
1374 1703 1459 1734 fern
1484 1712 1572 1733 vom
1591 1701 1682 1732 Aus-

230 1753 343 1785 flasse
371 1751 587 1784 derAstura
613 1750 682 1782 in's
698 1749 1032 1792 Meer.-adsp1·ci
1053 1752 1183 1791 possit,
1211 1749 1311 1792 quod
1338 1749 1422 1783 scil.
1449 1749 1495 1781 ad
1520 1748 1682 1780 celebri-

230 1805 348 1832 tatem
384 1798 629 1830 monumenti
655 1797 810 1830 Tulliae
841 1796 1066 1829 exstruendi
1091 1796 1319 1839 pertinebat.
1371 1796 1470 1830 SCH.
1522 1796 1681 1831 Circeiis.

231 1847 297 1879 Sic
323 1845 474 1890 scripsi,
502 1852 543 1878 ut
569 1845 667 1879 solet
691 1857 728 1877 v.
758 1855 788 1877 e.
815 1855 872 1888 ap.
892 1844 973 1877 Liv.
1001 1846 1038 1885 1,
1065 1845 1111 1878 56
1137 1851 1206 1877 cet.
1237 1845 1394 1878 Circaeis
1409 1844 1503 1878 Cett.
1535 1844 1608 1877 OR.
1635 1861 1682 1868 —

231 1895 388 1928 ineunda
414 1894 517 1926 nobis
542 1896 643 1925 ratio
669 1897 733 1931 est,
758 1892 836 1925 wir
862 1894 1011 1924 intissen
1038 1891 1176 1924 darauf
1198 1892 1362 1926 bedacht
1388 1893 1481 1925 sein.
1502 1909 1548 1916 ·-
1573 1893 1683 1924 domi-

230 1954 362 1977 norum
388 1941 413 1975 i.
435 1953 466 1977 e.
495 1940 684 1979 oxnnium,
711 1940 948 1983 quicumque
975 1938 1072 1972 olim
1099 1950 1184 1972 mea
1207 1940 1357 1983 praedia
1380 1940 1442 1973 vel
1466 1939 1683 1973 hereditate

230 1991 298 2024 vel
339 1990 538 2034 emptione
578 1988 837 2033 possidebunt.
892 1986 980 2032 Vgl.
1007 1997 1065 2030 ep.
1091 1989 1180 2021 557:
1218 1989 1378 2031 sepulcri
1408 1988 1685 2020 similitudinem

234 2045 306 2073 cet.
334 2056 381 2062 —
406 2050 495 2082 quae
520 2036 604 2071 scil.
633 2035 875 2069 mutationes.
924 2033 989 2067 Sic
1013 2034 1088 2068 Md.
1113 2047 1132 2067 a
1158 2045 1214 2078 pr.
1244 2047 1294 2068 ιιι.
1320 2038 1385 2080 qui
1411 2034 1535 2075 Cett.;
1581 2035 1683 2078 quod

233 2087 410 2130 ineptum
446 2092 511 2119 est.
561 2084 724 2117 Deberet
764 2083 869 2116 enim
896 2082 1032 2115 saltem
1069 2093 1164 2117 esse:
1211 2086 1274 2128 qui
1307 2084 1583 2117 innumerabiles
1615 2095 1684 2116 esse

230 2139 393 2180 possunt.
426 2133 499 2166 ΟΒ.
525 2149 570 2156 -
596 2135 628 2165 si
651 2132 754 2165 modo
780 2131 864 2164 haec
888 2131 1050 2167 stabunt,
1075 2142 1190 2164 wenn
1217 2142 1252 2164 es
1279 2132 1414 2163 anders
1442 2130 1514 2163 mit
1527 2130 1681 2164 Diesem

234 2182 377 2221 aliem,
415 2182 489 2213 mit
524 2179 776 2226 dergleichen
812 2179 902 2211 hier
934 2179 1002 2211 auf
1027 2178 1159 2211 Erden
1194 2179 1306 2226 lange
1342 2179 1486 2212 dauert.
1513 2197 1559 2202 —
1595 2178 1689 2211 illud

232 2231 384 2269 fanum,
410 2234 704 2261 monumentum
732 2226 895 2259 Tulliae.
921 2245 968 2250 —
993 2229 1098 2270 quasi
1122 2232 1384 2266 consecratum,
1419 2225 1682 2271 gleichsam

236 2277 292 2310 als
318 2277 430 2310 einer
445 2274 622 2309 Gottheit
648 2275 852 2321 geheiligt.
895 2274 988 2307 Tale
1014 2275 1147 2306 fanum
1175 2275 1277 2307 enim
1307 2285 1386 2306 non
1412 2273 1486 2305 nisi
1514 2273 1683 2319 collegio

234 2325 467 2370 pontificum
500 2321 673 2355 adhibito
709 2321 928 2356 consecrari
955 2327 1107 2365 poterat
1133 2333 1204 2353 nec
1232 2322 1307 2354 nisi
1336 2322 1377 2353 in
1404 2331 1535 2354 eorum
1562 2320 1685 2353 hono-

235 2384 345 2413 rem,
382 2381 475 2415 quos
505 2370 662 2414 publice
694 2370 860 2414 populus
892 2369 932 2401 in
960 2369 1116 2402 deorum
1146 2381 1354 2403 numerum
1382 2368 1525 2401 referri
1551 2368 1684 2402 vellet.

236 2419 361 2462 Quare
395 2419 496 2452 dixit
529 2421 635 2462 quasi
668 2418 860 2461 templum
896 2416 1051 2459 aliquod
1084 2416 1241 2459 publice
1276 2422 1552 2450 consecratum.
1613 2416 1685 2450 Da-

237 2467 386 2507 durch,
434 2467 514 2499 dass
552 2476 593 2499 er
631 2465 727 2498 diess
765 2467 991 2497 Monument
1034 2463 1097 2496 ein
1127 2463 1266 2507 fanum
1304 2464 1438 2498 wollte
1481 2463 1684 2509 geheissen

236 2515 400 2556 wiwen,
438 2513 572 2546 suchte
604 2524 647 2547 er
681 2513 901 2546 demselben
935 2511 1118 2558 religiose
1143 2512 1326 2558 Achtung
1359 2523 1407 2544 zu
1442 2509 1682 2544 verschaffen

236 2563 280 2604 (S.
310 2574 368 2606 ep.
396 2564 476 2596 558.
500 2562 632 2595 nollem
659 2563 753 2594 illud
778 2562 850 2594 ullo
874 2562 1017 2593 nomine
1040 2560 1114 2592 uisi
1132 2558 1224 2601 fani
1249 2560 1478 2604 appellari),
1503 2557 1623 2590 damit
1647 2568 1683 2590 es

236 2610 470 2644 unversehrt
496 2608 675 2643 erhalten
701 2610 845 2642 wiirde.
897 2608 1006 2640 Eben
1044 2606 1217 2639 desshalb
1253 2618 1325 2653 zog
1357 2617 1400 2639 er
1425 2604 1524 2638 auch
1551 2604 1683 2637 dessen

239 2658 493 2704 Aufstellung
518 2657 560 2689 in
584 2655 990 2690 Transtiberinischen
1005 2654 1151 2687 G‘zirten
1174 2665 1256 2694 vor,
1281 2666 1342 2686 wo
1368 2665 1405 2687 es
1424 2664 1512 2686 vom
1526 2651 1683 2685 Publico

240 2705 354 2740 mehr
387 2705 430 2738 in
456 2704 730 2753 Augenschein
765 2714 997 2752 genommen
1026 2701 1183 2743 wiirde,
1220 2702 1275 2735 als
1304 2714 1353 2735 an
1379 2701 1508 2735 einen}
1534 2710 1573 2733 so
1601 2699 1683 2734 ein-
