1795 3081
192 63 286 110 118
452 62 518 109 M.
558 60 610 106 T.
649 42 990 110 CICERONIS
1025 60 1406 111 Ems‘roLAE.

149 182 366 224 3fervens
396 181 509 219 nihil
539 180 685 232 potuit
713 181 895 221 imitari.
954 181 1078 221 Haec
1121 184 1261 238 igitur
1304 190 1370 223 est
1406 197 1522 224 nunc
1557 185 1653 225 vita

191 243 367 276 nostra:
398 248 524 275 mane
548 235 787 274 salutamus
819 236 939 276 domi
970 244 1013 276 et
1042 238 1181 277 bonos
1209 241 1332 279 viros
1363 240 1541 290 multos,
1577 239 1653 280 sed

190 293 353 340 tristes,
385 297 428 330 et
456 291 536 329 hos
566 291 704 330 laetos
734 293 957 339 victore53
990 294 1066 344 qui
1089 307 1156 333 me
1180 294 1355 346 quidem
1374 296 1653 347 perofficiose

191 353 235 386 et
263 353 542 399 peramanter
578 347 827 386 observant.
900 347 987 386 Ubi
1023 349 1231 388 salutatio
1272 349 1468 401 defluxit,
1508 351 1653 390 literis

190 415 258 440 me
289 402 486 452 involvo,
518 408 593 441 aut
621 403 766 441 scribo
798 409 874 441 aut
902 403 1015 458 lego,
1091 403 1291 443 Veniunt
1321 407 1448 454 eiam,
1480 406 1556 457 qui
1584 419 1653 445 me

190 456 389 507 audiunt,
421 459 543 509 quasi
573 456 752 496 doctum
781 458 1020 509 hominem,
1065 460 1167 511 quia
1196 460 1346 512 paullo
1390 473 1485 499 sum
1523 474 1655 512 quam

190 513 275 564 ipsi
305 511 491 552 doctior.
551 512 655 552 Inde
687 515 867 565 corpori
899 526 1026 553 omne
1057 521 1226 568 tempus
1257 514 1402 554 datur.
1460 515 1655 554 Patriam

190 567 309 605 eluxi
338 568 425 606 iam
456 574 498 607 et
527 569 707 623 gravius
737 574 779 607 ct
809 567 990 620 diutius,
1022 583 1150 621 quam
1180 571 1273 611 ulla
1302 577 1446 610 mater
1473 572 1654 609 unicum

187 622 341 661 filium.
398 622 484 662 Sed
514 637 636 673 cura,
666 624 702 661 si
732 637 800 662 me
830 637 962 674 amas,
1000 631 1050 664 ut
1078 626 1254 674 valeas,
1294 639 1347 665 ne
1378 639 1475 680 ego,
1516 631 1560 664 te
1590 627 1653 665 ia-

190 683 328 727 cente,
361 677 475 716 bona
504 685 578 717 tua
610 678 839 719 comedim.
909 679 1056 720 Statui
1094 682 1211 720 enim
1248 682 1334 720 tibi
1377 695 1431 721 ne
1470 687 1654 736 aegroto

190 731 365 784 quidem
395 747 591 786 parcere.

287 842 612 922 EpisToLA
660 871 992 924 ccchvu.
1061 872 1145 933 (ad
1179 873 1292 921 Div.
1330 874 1412 922 lx.
1452 876 1558 935 23.)

273 957 354 997 Ser,
384 959 423 992 in
450 960 618 994 Cumano
644 960 744 995 VIII.
773 962 855 996 Kal,
884 962 988 1007 Sept.
1016 962 1058 997 A.
1087 962 1131 996 U.
1161 962 1198 995 C.
1226 964 1306 997 703.
1340 963 1389 1003 (a.
1420 963 1460 997 C.
1486 966 1562 1006 46.)

188 1030 438 1064 Praenuntiat
478 1043 515 1066 se
552 1031 616 1065 vel
650 1034 816 1067 crastino
853 1034 914 1068 die
947 1034 1010 1068 vel
1044 1033 1270 1077 propediem
1307 1033 1354 1067 ad
1379 1034 1534 1068 Paetum
1560 1047 1656 1070 ven-

847 1088 989 1116 turum.

618 1151 796 1186 CICERO
831 1151 1018 1186 PAPIRIO
1055 1153 1223 1187 PAETO,

297 1223 412 1263 Heri
441 1225 545 1263 veni
580 1225 626 1263 in
659 1226 922 1265 Cumanum:
972 1238 1069 1264 cras
1107 1224 1162 1264 ad
1206 1231 1250 1264 te
1288 1227 1488 1266 fortasse.
1547 1224 1648 1274 Sed,

192 1291 327 1331 quum
373 1285 542 1318 certum
580 1281 731 1331 sciam,
777 1281 937 1319 faciam
983 1287 1027 1319 te
1067 1281 1218 1333 paullo
1260 1288 1359 1320 ante
1403 1282 1653 1321 certiorem.

185 1334 278 1373 Etsi
307 1333 370 1385 M.
403 1334 657 1387 Caeparius,
690 1349 821 1387 quum
852 1335 962 1373 mihi
992 1337 1037 1373 in
1068 1337 1180 1374 silva
1205 1334 1450 1376 Gallinaria
1480 1337 1657 1376 obviam

186 1390 377 1428 venisset
408 1391 770 1442 quaesissemque,
802 1389 907 1442 quid
938 1403 1102 1444 ageres,
1136 1389 1249 1429 dixit
1274 1397 1316 1429 te
1341 1392 1386 1429 in
1411 1392 1526 1430 lecto
1549 1405 1655 1443 esse,

188 1443 307 1496 quod
338 1457 389 1483 ex
419 1443 603 1497 pedibus
634 1446 875 1484 laborares.
936 1445 1043 1483 Tuli
1073 1446 1246 1484 scilicet
1274 1447 1473 1496 moleste,
1503 1453 1553 1486 ut
1582 1446 1657 1487 de-

187 1499 284 1537 bui:
317 1498 393 1538 sed
422 1506 567 1539 tamen
599 1502 811 1539 constitui
847 1499 902 1539 ad
939 1506 984 1539 te
1012 1502 1181 1548 venire,
1223 1507 1274 1539 ut
1313 1508 1356 1540 et
1384 1501 1583 1541 viderem
1613 1509 1657 1542 te

188 1560 232 1593 et
259 1555 450 1593 viserem
490 1561 533 1594 et
572 1567 803 1595 coenarem
843 1557 988 1596 etiam.
1058 1555 1161 1594 Non
1195 1557 1311 1594 enim
1349 1557 1549 1596 arbitror
1583 1570 1657 1596 co.

189 1622 287 1648 cum
319 1611 450 1648 etiam
481 1616 524 1649 te
545 1611 829 1650 arthriticum
859 1611 1036 1654 habere.
1095 1611 1307 1662 Exspecta
1336 1613 1477 1666 igitur
1506 1612 1654 1665 hospi-

186 1671 274 1704 tem
316 1678 449 1716 quum
489 1667 670 1705 minime
709 1665 898 1712 edacem,
940 1672 1035 1704 tum
1080 1667 1311 1704 inimicum
1352 1668 1500 1705 coenis
1538 1680 1654 1705 sum-

186 1721 368 1777 ptuosis.

187 1839 321 1882 guunt.
351 1834 485 1868 Graev.
514 1834 650 1867 Bened.
679 1835 765 1869 Sch.
794 1836 888 1870 Liin.
919 1836 1108 1870 ORELLI.
1137 1855 1179 1859 —-—
1206 1839 1564 1878 tamen...imitccri,
1593 1836 1654 1871 die

189 1884 422 1926 Kraftsuppe
458 1892 541 1914 war
578 1882 716 1915 iedoch
755 1883 816 1917 das
843 1884 1021 1930 Einzige,
1058 1895 1135 1917 was
1170 1883 1231 1916 bei
1266 1885 1350 1918 dem
1385 1885 1510 1919 Mahle
1546 1885 1653 1921 mein

186 1930 296 1972 Koch
315 1930 385 1964 den
404 1929 563 1962 Ktichen
579 1929 641 1963 des
660 1931 810 1964 Hirtius
838 1931 1155 1964 nachzumachen
1182 1933 1417 1967 vermochte.
1448 1945 1505 1977 ep.
1519 1934 1601 1973 451,
1616 1935 1650 1969 3.

281 1981 315 2013 3.
367 1980 446 2012 vita
472 1982 612 2018 nostra,
653 1979 776 2012 meine
803 1980 1024 2019 Lebensart,
1064 1979 1220 2013 vivendi
1259 1981 1370 2022 ratio,
1413 1992 1526 2024 quam
1554 1981 1652 2014 scire

188 2025 308 2070 oupis.
340 2045 379 2051 -
406 2027 527 2066 salut„
556 2026 686 2060 nehm'
714 2027 778 2060 ich
812 2027 872 2060 (lie
898 2027 1067 2061 Besuche
1095 2039 1141 2059 an
1166 2038 1252 2060 von.
1287 2047 1331 2053 —
1365 2031 1444 2062 hon.
1474 2032 1554 2068 vir„
1588 2030 1654 2065 Pa-

186 2075 342 2114 trioten,
374 2090 414 2098 -
439 2077 602 2115 victores,
631 2075 885 2109 Caesarianos.
912 2095 958 2099 —
984 2078 1165 2109 salutatio
1192 2076 1283 2118 dest„
1310 2089 1427 2110 wann
1455 2077 1556 2110 (liese
1582 2076 1653 2109 Be-

187 2124 387 2169 griissung,
427 2121 525 2155 diess
557 2122 659 2155 Leve
693 2124 898 2157 verflossen
932 2124 991 2157 ist.
1019 2143 1065 2148 --
1103 2124 1327 2157 audiunt:
1358 2125 1490 2159 audire
1517 2124 1654 2164 solent,

191 2170 342 2204 volunt.
380 2170 496 2213 Neap.
525 2169 653 2202 Lamb.
681 2171 775 2204 Ern.
803 2171 889 2205 Sch.
917 2172 1013 2204 Liin.
1043 2173 1207 2205 audiant.
1229 2192 1267 2196 —
1298 2176 1453 2217 corpori,
1481 2173 1653 2216 corporis

190 2228 314 2258 curae,
343 2217 410 2249 der
437 2217 563 2264 Pflege
592 2217 654 2251 des
685 2218 825 2252 Leibes.
845 2238 886 2243 —
903 2221 1010 2262 eluxi,
1039 2219 1105 2252 ich
1132 2219 1227 2256 habe
1255 2226 1520 2268 ausgetrauert
1546 2220 1651 2253 iiber.

187 2284 232 2289 —
259 2270 293 2297 te
319 2268 468 2303 iacente,
492 2276 606 2298 wann
633 2266 692 2298 Du
719 2267 844 2300 krank
870 2267 996 2315 liegst.
1025 2285 1068 2292 ——
1101 2268 1272 2301 comedim
1299 2269 1428 2302 Lamb.
1457 2269 1651 2303 comedam.

188 2311 224 2346 S.
253 2312 403 2352 Ramsh,
432 2314 459 2356 ἓ.
486 2314 544 2355 62,
573 2314 606 2354 5,
634 2325 665 2347 C.

284 2375 316 2406 1.
367 2373 457 2405 Heri
489 2373 572 2405 veni
608 2371 631 2404 i.
662 2383 691 2405 e.
731 2386 778 2406 ix.
815 2375 896 2415 Kal,
934 2374 1036 2419 Sept.
1076 2375 1150 2415 (am
1177 2376 1235 2408 24.
1264 2376 1440 2423 Aug-usn)
1478 2376 1581 2420 quod
1607 2387 1653 2409 ex

189 2419 347 2465 epistola
375 2419 548 2464 sequenti
575 2421 828 2467 cognoscitur.
857 2423 955 2458 SCH.
982 2442 1029 2447 -
1047 2422 1215 2466 fortasse
1248 2425 1412 2457 veniam.
1440 2443 1486 2449 —
1517 2426 1653 2468 Caepa-

187 2472 277 2502 rius.
306 2467 367 2500 Sic
393 2468 489 2501 Vict.
516 2469 550 2502 2.
581 2469 754 2512 Ceparius
783 2469 879 2504 Cett.
911 2473 984 2505 ΟΒ.
1022 2471 1241 2506 Vielleicht
1266 2483 1350 2504 war
1377 2483 1418 2505 er
1445 2472 1506 2505 ein
1526 2472 1652 2505 Zwie-

186 2515 426 2549 belh‘aindler.
467 2514 503 2549 S.
532 2515 656 2554 Lucil.
684 2527 741 2560 ap.
770 2518 954 2554 Nonium.
997 2537 1038 2544 —
1076 2520 1170 2552 silva
1200 2520 1429 2561 Gallinaria,
1465 2520 1517 2552 im
1545 2519 1652 2552 Hiih-

188 2563 394 2597 nex-walde.
440 2564 557 2596 Varro
585 2563 685 2596 Libr.
715 2565 784 2605 ΙΙΙ,
813 2566 857 2599 de
883 2567 936 2601 Re
963 2567 1003 2602 R.
1034 2577 1065 2599 e.
1093 2569 1133 2601 9:
1168 2567 1308 2608 ‚,Silvcc,
1346 2568 1486 2610 inquit,
1527 2567 1651 2599 Galli-

188 2611 308 2654 naria.
338 2630 379 2636 —
407 2623 446 2644 ex
467 2613 631 2656 pedibus,
656 2623 715 2644 am
742 2613 919 2661 Podagra.
952 2633 993 2639 --
1029 2615 1276 2656 arthriticum,
1304 2614 1648 2663 gliederkranken,

189 2669 275 2692 vom
314 2659 538 2704 Zipperlein
577 2659 804 2701 behafteten‚
842 2662 1019 2696 articulis
1059 2661 1111 2695 ita
1149 2662 1400 2704 laborantem,
1441 2667 1482 2695 ut
1518 2672 1648 2695 cenam

190 2718 371 2751 apparare
399 2718 476 2741 non
501 2707 628 2751 possit.
669 2709 847 2742 MANUT.
