1795 3081
251 110 345 156 146
498 104 566 150 Μ.
604 104 657 150 Τ.
694 102 1033 153 CICERONIS
1070 102 1446 153 EPISTOLAE.

389 223 705 297 nmSToLA
742 224 1046 273 cccclxx.
1113 223 1198 282 (ad
1233 223 1348 272 niv,
1387 222 1474 272 VI.
1513 221 1580 280 e.)

309 317 388 351 Ser.
418 315 556 348 Romae
582 324 711 346 mense
739 313 898 346 circiter
924 312 1078 347 Octobri
1106 313 1146 346 A.
1175 314 1220 347 U.
1249 312 1288 346 C.
1317 314 1398 348 708.
1449 310 1496 354 (a.
1524 309 1564 343 C.
1589 308 1664 352 46.)

256 388 482 422 Consolatur
515 384 714 420 Caecinam
753 385 992 418 exsulantem
1028 384 1263 418 divinatione
1302 382 1476 417 melioris
1520 382 1712 419 fortunae,

255 441 401 479 sumpla
431 446 473 467 ex
500 433 656 480 ingenio
684 432 851 464 Caesaris
879 436 915 465 e’t
942 437 1076 465 natura
1112 444 1241 465 rerum
1276 443 1318 464 ac
1352 436 1592 474 temporum,
1623 436 1713 481 Bro-

254 483 377 527 posita
404 472 644 514 fortitudinis
678 480 788 512 laude
822 485 859 512 et
892 480 1148 514 conscientiae
1182 484 1287 513 recte
1324 480 1540 511 sactorum:
1577 474 1714 519 quibus

257 530 360 563 addit
410 528 621 563 communis
658 527 881 559 calamitatis
927 533 964 561 et
1000 528 1172 561 turbatae
1203 527 1260 561 rei
1292 526 1470 571 publicae
1506 533 1712 572 argumen-

841 579 932 608 tum.
976 578 1122 610 1—13.

607 648 656 680 M.
682 645 859 680 CICERO
885 645 920 680 S.
948 648 992 680 D.
1018 647 1061 680 A.
1090 645 1356 681 CAECINAE.

365 719 557 769 Vereor,
587 726 641 756 'ne
671 716 892 757 desideres
921 719 1117 758 officium
1146 732 1315 758 meum:
1351 715 1469 770 quod
1510 714 1594 755 tibi
1630 723 1712 765 pro

256 781 407 814 nostra
437 781 481 813 et
509 775 771 812 meritorum
802 774 1044 813 multorum
1074 781 1118 813 et
1147 772 1393 813 studiorum
1413 773 1587 825 parium
1610 780 1714 807 con-

256 831 483 869 iunctione
512 827 659 867 deesse
688 840 774 865 non
804 827 953 867 debet:
984 828 1059 868 sed
1087 835 1232 867 tamen
1261 841 1437 877 vereor,
1468 839 1523 865 ne
1558 826 1713 863 litera-

255 897 354 923 rum
384 897 408 922 a
438 896 506 922 me
538 884 733 921 officium
763 885 986 934 requiras;
1031 896 1136 936 quas
1167 884 1251 921 tibi
1281 888 1324 921 et
1351 884 1439 920 iam
1469 879 1641 934 pridem
1671 882 1716 916 et

256 952 384 991 saepe
414 938 642 988 misissem,
685 938 770 975 nisi
808 936 1007 990 quotidie
1040 938 1197 976 melius
1234 944 1487 990 exspectans
1517 933 1713 996 gratula-

256 995 421 1033 tionem
453 1006 582 1045 quam
613 993 993 1032 confirmationem
1031 994 1168 1031 animi
1207 994 1275 1031 tui
1305 992 1540 1044 complecti
1569 990 1714 1028 literls

257 1049 519 1087 maluissem.
584 1046 727 1095 Nunc,
765 1054 815 1086 ut
853 1062 997 1100 spero,
1027 1048 1154 1087 brevi
1185 1048 1534 1102 gratulabimur:
1565 1046 1715 1106 itaque

214 1100 302 1141 2in
341 1102 464 1141 aliud
500 1109 667 1155 tempus
705 1101 749 1140 id
789 1109 1096 1157 argmnentum
1134 1103 1347 1155 epistolae
1386 1102 1558 1141 differo.
1630 1098 1715 1136 H1s

255 1163 403 1209 autem
443 1158 587 1197 literis
631 1159 826 1196 animum
868 1165 1007 1208 tuum,
1052 1171 1181 1210 quem
1223 1158 1403 1196 minime
1442 1154 1716 1195 imbecillum

349 1272 390 1305 A.
429 1272 681 1305 CAECINAE.
734 1271 852 1305 Aulus
887 1272 1059 1305 Licinius
1094 1273 1274 1311 Caecina,
1324 1270 1588 1305 vermuthlich
1628 1270 1714 1303 der-

254 1318 370 1358 sclbc,
407 1318 538 1352 dessen
573 1319 810 1353 Sachwalter
843 1320 976 1355 Cicero
1010 1321 1052 1352 in
1089 1321 1198 1353 einer
1235 1319 1606 1353 Privatreclnssaehe
1641 1329 1715 1350 vor

253 1367 298 1400 23
333 1366 474 1399 Iahren
514 1378 690 1412 gewesen
724 1379 817 1407 war,
857 1368 919 1401 ein
953 1368 1088 1407 Ritter,
1122 1368 1191 1400 der
1229 1367 1525 1414 Geldgesch'zifte
1561 1367 1604 1398 in
1639 1365 1711 1399 den

253 1413 467 1445 Provinzen
504 1414 656 1446 machte
691 1415 730 1453 (s.
767 1415 812 1447 ad
838 1415 987 1448 Divers.
1014 1416 1118 1456 XIII,
1145 1417 1220 1456 66),
1254 1415 1351 1447 auch
1387 1415 1441 1448 als
1474 1412 1713 1447 Schriftstel-

253 1460 313 1493 101·
337 1460 509 1493 bekannt
545 1461 656 1502 (iiber
689 1462 770 1494 sein
804 1461 909 1495 Buch
951 1462 996 1495 de
1022 1464 1182 1496 Etrusca
1210 1462 1412 1506 disciplina
1439 1474 1465 1495 s.
1493 1462 1540 1495 ad
1565 1461 1712 1495 Divers.

252 1508 314 1545 Vl,
341 1511 373 1542 6.
415 1508 545 1550 Plin.),
588 1509 731 1555 ergriff
762 1511 814 1542 im
849 1510 1138 1558 Biirgerkriege
1165 1511 1227 1543 die
1256 1511 1380 1544 Partei
1416 1511 1478 1543 des
1510 1509 1712 1554 Pompeius

251 1555 330 1588 und
356 1556 463 1588 focht
489 1567 599 1604 sogal·
624 1556 694 1588 mit
720 1557 788 1590 der
814 1558 938 1590 Feder
973 1569 1097 1606 gegen
1125 1559 1236 1592 Cl‘isar
1262 1559 1307 1599 (s.
1337 1558 1381 1591 ad
1407 1558 1555 1592 Divers.
1583 1558 1646 1598 VI,
1674 1559 1708 1592 7.

251 1603 403 1637 Sueton.
421 1603 522 1637 Caes.
546 1616 577 1637 ο.
597 1606 674 1645 75),
703 1603 776 1638 den
805 1617 846 1637 er
860 1605 996 1638 iedoch
1015 1606 1113 1638 nach
1132 1606 1200 1639 der
1219 1605 1509 1638 Pharsalischen
1527 1604 1712 1638 Schlacht

250 1650 374 1682 durch
411 1651 498 1684 eine
533 1652 676 1685 andere
710 1652 870 1694 schrift,
910 1653 1010 1686 liber
1041 1653 1300 1697 querelarum,
1344 1653 1427 1685 sich
1458 1653 1605 1686 wieder
1641 1658 1710 1695 gut
1768 1679 1770 1682 ,

248 1697 412 1731 macheu
450 1699 585 1732 wollte
622 1701 664 1737 (s.
693 1699 739 1732 ad
766 1699 911 1733 Divers.
942 1702 1010 1743 Vl,
1037 1703 1070 1736 7.
1109 1701 1173 1740 VI,
1201 1703 1267 1740 6.).
1330 1700 1463 1734 Allein
1498 1700 1566 1733 der
1602 1700 1708 1734 Sohn

249 1745 447 1778 desselben
483 1746 563 1779 und
596 1746 729 1780 Cicero
767 1747 1009 1788 Wiinschten,
1049 1748 1128 1781 dass
1168 1760 1209 1781 er
1246 1749 1315 1781 mit
1350 1749 1475 1781 dieser
1508 1748 1708 1781 Palinoclie

247 1793 549 1827 zuriickbleiben
587 1795 741 1827 iniichte
781 1797 824 1835 (S.
853 1795 898 1827 ad
924 1796 1071 1828 Divers.
1106 1796 1168 1837 VI,
1205 1797 1269 1835 5.).
1330 1795 1573 1829 Inzwischen
1607 1795 1708 1829 wird

248 1841 390 1874 C'acina
417 1841 517 1873 noch
545 1842 644 1874 nach
672 1842 800 1875 C'zisars
828 1843 928 1876 Tode
956 1843 1010 1875 als
1037 1844 1100 1876 ein
1126 1855 1292 1877 warmer
1317 1843 1470 1878 Freund
1497 1843 1560 1876 des
1588 1843 1710 1877 Gene-

249 1888 325 1920 rals
351 1887 516 1921 Furnius
545 1890 591 1921 ad
616 1890 763 1923 Divers.
790 1891 832 1930 X,
859 1892 906 1925 25
933 1890 1119 1925 erwahnt.

344 1950 374 1981 1.
429 1948 568 1981 Vereor.
613 1950 856 1996 Illart.-Lag.
897 1951 977 1983 Non
1012 1963 1144 1984 vereor.
1178 1970 1225 1976 —
1260 1965 1303 1985 ne
1333 1952 1509 1985 desideres
1542 1950 1707 1996 officium

247 2007 376 2036 meum,
404 1996 462 2028 Du
488 1995 676 2029 lno'chfest
701 1997 830 2030 meine
856 1998 1252 2033 Dienstbeflissenheit
1278 2000 1500 2033 vermissen.
1519 2018 1562 2024 -
1582 2004 1700 2033 merit.

247 2046 348 2077 mult.
367 2068 374 2076 .
390 2047 538 2083 ..com'.‚
564 2045 747 2091 vcrmb'ge
775 2057 934 2078 unsercr
954 2046 1202 2093 Verbindung
1229 2047 1351 2080 durch
1378 2047 1477 2080 viele
1504 2048 1702 2095 gegensei-

246 2092 327 2138 tige
354 2090 706 2137 Diensfleistungen
736 2105 769 2125 u.
798 2105 823 2126 s.
850 2105 898 2126 W.
934 2112 980 2118 ———
1022 2096 1225 2127 studiorstm
1252 2098 1410 2139 pariam.
1447 2095 1508 2128 Sic
1537 2095 1638 2131 Vict.
1666 2097 1699 2130 2.

247 2138 373 2171 Lamb.
402 2139 541 2172 Bened.
581 2140 772 2187 Intelligit
798 2140 1092 2180 divinationem,
1119 2147 1161 2174 ut
1188 2143 1288 2176 infra
1314 2144 1381 2186 Ep.
1404 2146 1435 2178 9.
1464 2145 1489 2186 §.
1510 2147 1541 2177 1.
1569 2145 1701 2177 studiis

246 2188 501 2220 communibus.
530 2187 602 2219 Md.
630 2190 834 2221 stccdiorzmz
857 2195 1022 2233 partum.
1050 2189 1148 2222 Crat.
1179 2191 1280 2224 Vict.
1310 2195 1328 2225 1
1356 2191 1467 2235 Seqq.
1494 2193 1701 2225 studiorum

245 2239 279 2268 et
307 2236 470 2278 partiam
503 2235 858 2278 (Pompeianorum)
896 2238 967 2269 ΟΒ.
1007 2256 1054 2261 -
1090 2239 1152 2271 sed
1184 2243 1301 2272 tamen
1326 2252 1449 2272 vereor
1474 2250 1521 2270 =
1546 2250 1697 2281 vereor,

245 2281 412 2324 inquam.
441 2282 705 2325 Epanalepsis.
747 2302 785 2308 —
826 2297 869 2317 ne
896 2286 1221 2331 liter...reqzziras‚
1257 2287 1316 2319 Du
1347 2287 1537 2320 nibchtest
1570 2287 1697 2320 meine

243 2329 641 2363 Dienstbeflissenheit
652 2331 704 2363 im
718 2331 1027 2365 Briefschreiben
1040 2333 1266 2367 vermissen.
1288 2353 1332 2359 —
1347 2340 1381 2368 et
1396 2335 1551 2378 quidem
1563 2337 1694 2368 iam.-

242 2379 372 2410 melius
391 2390 498 2421 exsp„
528 2377 568 2409 in
592 2378 786 2424 taglicher
806 2381 1044 2425 Ervvartung·
1063 2380 1234 2414 besserer
1252 2382 1500 2423 Aussichten3
1526 2382 1696 2415 n'a’mlich

241 2425 386 2458 Deiner
410 2424 757 2473 Zuriickberufung
796 2438 860 2460 aus
897 2428 981 2461 dem
1008 2428 1166 2462 Elende.
1203 2448 1246 2453 —
1279 2432 1417 2475 gratul.
1435 2456 1441 2463 .
1459 2455 1466 2463 .
1483 2455 1490 2462 .
1507 2433 1697 2475 complecti

241 2475 344 2511 mal„
379 2484 494 2505 wenn
522 2472 585 2504 ich
612 2473 683 2505 Dir
710 2474 819 2506 nicht
854 2475 978 2508 lieber
1017 2476 1129 2509 einen
1164 2477 1453 2511 Gliickwunsch
1490 2478 1544 2510 als
1578 2478 1692 2511 einen

238 2520 455 2553 Trostbrief
476 2521 579 2553 h'a'tte
606 2520 810 2554 schreiben
836 2523 991 2557 wollen.
1020 2542 1060 2549 -
1086 2527 1362 2570 gratulabimur
1393 2536 1529 2570 nempe
1564 2525 1609 2559 ob
1637 2536 1695 2558 re-

237 2567 361 2600 ditum
389 2580 408 2600 a
436 2568 591 2601 Caesare
620 2568 876 2612 impetratum.
915 2571 1016 2606 SCH.

332 2629 363 2661 2.
416 2629 645 2660 indm-illum.
697 2628 759 2661 Sic
785 2628 861 2662 Md.
891 2629 988 2665 Crat.
1016 2631 1113 2664 Vict.
1136 2634 1166 2665 1.
1186 2633 1218 2665 2.
1248 2632 1375 2665 Lamb.
1402 2633 1487 2674 (cfr.
1515 2631 1689 2665 Goerenz

237 2674 279 2706 in
319 2674 415 2707 Iahn
456 2675 538 2707 lah
551 2687 570 2707 r
582 2675 601 2707 b
613 2674 767 2708 iichcr
811 2681 841 2710 1.
884 2689 918 2720 p.
953 2681 1034 2712 301.
1082 2681 1292 2713 imbecillem
1332 2679 1472 2713 Ceteri.
1524 2680 1597 2712 ΟΒ.
1643 2698 1690 2704 -

235 2727 471 2764 auctoritate,
500 2722 621 2755 durch
650 2723 798 2756 Deincn
828 2724 1000 2758 Glauben
1028 2738 1086 2759 an.
1128 2728 1251 2761 Unler
1273 2732 1377 2761 amic.
1401 2728 1491 2760 hom,
1521 2727 1688 2760 versleht
