1795 3081
535 44 859 96 EPISTOLA
892 42 1095 95 DXLV.
1451 49 1551 98 267

247 164 574 217 EPISTOLA
609 166 814 218 DXLV.
876 165 956 226 (ad
989 165 1090 214 Att.
1125 164 1234 213 XII.
1269 166 1371 226 27.)

81 253 165 291 Ser.
198 254 357 291 Asturae
390 267 521 290 mense
554 256 705 336 MartioX
729 256 777 337 A}
797 255 910 336 IIJUAP
939 257 1019 292 709.
1059 256 1109 298 (a.
1139 255 1181 290 G.
1209 256 1288 300 45.)
1326 261 1370 291 ut
1393 256 1550 294 videtur

709 331 716 337 .
781 315 799 337 a
821 329 829 338 .
890 314 950 348 pr.

81 373 139 409 De
172 373 259 409 Silii
292 375 417 410 hortis
451 375 647 417 emendis3
691 375 737 409 de
772 373 903 408 Cottae
935 374 1040 409 villa.
1076 376 1108 408 1.
1152 374 1198 408 de
1235 375 1434 412 Ciceronis
1471 377 1549 412 filii

405 424 661 470 profectione.
696 426 730 459 2.
766 422 812 458 ‹le
838 423 949 455 Bruti
977 423 1156 456 adventu.
1191 425 1226 458 3.

575 494 755 530 CICERO
793 493 974 528 ATTICO
1008 494 1044 529 S.

190 566 258 607 De
287 565 459 608 Siliano
486 568 684 624 negotio,
726 567 808 606 etsi
848 566 960 604 mihi
1000 580 1088 606 non
1119 573 1186 607 est
1214 568 1366 623 ignota
1396 568 1548 609 condi-

80 621 161 672 tio,
190 629 338 663 tamen
368 623 501 663 hodie
529 638 598 664 me
628 636 682 662 ex
702 621 833 661 Sicca
853 622 1055 661 arbitror
1079 625 1227 662 omnia
1249 626 1547 679 cogniturum.

80 676 252 730 Cottae,
292 678 410 732 quod
438 692 570 734 negas
608 685 652 718 te
688 691 830 728 nosse,
867 677 990 717 ultra
1018 678 1235 717 Silianam
1272 680 1429 718 villam
1468 687 1548 732 est,

78 754 134 763 —
163 747 293 786 quam
321 741 428 787 puto
461 736 544 774 tibi
573 741 722 774 notam
753 747 917 772 9359-
945 734 1107 773 villula
1136 733 1317 773 sordida
1348 740 1392 774 et
1417 735 1550 776 valde

78 790 264 842 pusilla3
295 790 410 828 nihil
440 792 562 846 agri,
592 789 648 829 ad
677 790 809 828 aliam
839 801 934 827 rem
964 789 1053 827 loci
1077 789 1207 840 nihil,
1231 791 1336 829 satis
1359 790 1414 829 ad
1436 804 1548 841 eam,

79 858 210 896 quam
252 858 431 897 quaero,
498 845 670 898 Sequor
713 845 1030 884 celebritatem.
1098 843 1200 895 Sed,
1240 846 1278 884 si
1315 846 1550 898 perficitur

79 898 133 939 de
159 900 304 939 hortis
334 899 452 952 Silii,
483 901 568 939 hoc
599 907 679 951 est,
707 901 745 939 si
774 901 973 952 perfici83
1002 922 1057 929 —
1087 906 1153 939 est
1171 901 1288 939 enim
1307 906 1452 939 totum
1469 914 1549 955 po-

77 956 212 994 situm
242 957 289 994 in
318 962 362 995 te
387 980 435 986 —-
467 956 580 995 nihil
611 962 676 995 est
703 956 890 1005 scilicet,
921 954 1039 1007 quod
1060 953 1113 994 de
1137 956 1266 996 Cotta
1289 958 1548 1011 cogitemus.

77 1009 146 1050 De
177 1010 408 1062 Cicerone,
447 1018 497 1050 ut
533 1012 707 1060 scribis,
743 1013 807 1050 ita
845 1012 1028 1049 faciam:
1074 1012 1160 1063 ipsi
1198 1013 1455 1064 permittam
1495 1011 1591 1053 dez

76 1071 306 1118 tempore:
337 1080 618 1106 nummorum
648 1073 859 1119 quantum
890 1078 997 1118 opus
1028 1067 1130 1116 erit,
1173 1073 1223 1105 ut
1252 1073 1549 1119 permutetur,

75 1126 128 1161 tu
156 1120 342 1160 videbis.
400 1123 462 1161 Ex
492 1121 666 1172 Aledio,
710 1120 828 1174 quod
863 1121 1038 1171 scribis,
1082 1122 1120 1159 si
1160 1121 1266 1173 quid
1305 1124 1549 1174 inveneris,

75 1176 259 1217 scribes,
316 1177 371 1216 Et
408 1190 488 1232 ego
526 1190 579 1216 ex
606 1178 695 1216 tuis
725 1175 1032 1216 animadverto
1074 1177 1220 1215 literis
1260 1183 1304 1216 et
1342 1180 1548 1231 profecto

75 1237 129 1271 tu
171 1245 222 1271 ex
259 1233 369 1271 meis
409 1233 524 1271 nihil
564 1232 729 1271 habere
765 1244 860 1282 nos,
910 1230 1029 1284 quod
1076 1232 1344 1271 scribamus:
1394 1232 1548 1273 eadem

77 1286 292 1340 quotidie,
324 1301 435 1340 quae
465 1289 553 1327 iam
582 1289 760 1341 iamque
791 1288 886 1340 ipsa
915 1288 1111 1327 contrita
1139 1293 1266 1326 sunt:
1304 1294 1451 1328 tamen
1481 1290 1548 1328 fa-

78 1355 180 1382 cere
209 1356 298 1382 non
327 1356 519 1397 possum,
564 1344 670 1395 quin
709 1342 908 1395 quotidie
948 1341 1005 1382 ad
1044 1349 1088 1381 te
1126 1343 1314 1394 mittam,
1356 1350 1408 1383 ut
1447 1350 1547 1384 tuas

75 1399 307 1451 accipiam.
364 1398 431 1437 De
461 1399 599 1437 Bruto
629 1404 791 1447 tamen,
834 1399 871 1437 si
901 1396 1008 1450 quid
1036 1398 1230 1437 habebis.
1269 1397 1397 1438 Scire
1427 1400 1589 1443 enim3

75 1453 167 1492 iam
196 1460 320 1506 puto,
349 1454 428 1493 ubi
457 1454 638 1492 Pansam
670 1459 906 1505 exspectet.
964 1451 1027 1502 Si,
1068 1459 1120 1492 ut
1161 1453 1432 1493 consuetudo
1464 1461 1545 1506 est,

73 1508 123 1547 in
152 1510 296 1561 prima
325 1509 576 1562 provincia,
609 1510 793 1550 circiter
822 1508 923 1547 Kal.
954 1509 1173 1547 affuturus
1202 1508 1394 1549 videtur.
1434 1509 1544 1550 Vel-

170 1627 203 1658 1.
254 1635 295 1658 ex
321 1624 438 1664 Sicca,
471 1623 537 1667 qui
564 1623 794 1668 promiserat
819 1634 856 1656 se
881 1636 917 1655 x.
945 1622 1030 1656 Kal.
1056 1623 1184 1667 April.
1211 1629 1434 1659 venturum.
1463 1624 1544 1661 cfr.

75 1681 136 1716 ep.
160 1673 240 1707 5'4'4.
269 1672 370 1705 SCH.
399 1692 442 1697 —
472 1674 612 1706 Cottae.
637 1671 673 1705 S.
702 1682 760 1715 ep.
787 1673 870 1712 541,
899 1673 931 1706 3.
968 1690 1016 1695 —
1046 1672 1212 1712 sordida,
1251 1673 1472 1722 r'ziucherig.
1498 1690 1545 1698 —

73 1722 126 1753 ad
149 1722 265 1753 aliam
291 1733 379 1761 rem,
406 1720 471 1752 fiir
496 1720 600 1753 allen
626 1719 798 1752 anderen
824 1718 1038 1754 Gebrauch.
1072 1737 1114 1744 -
1149 1723 1242 1754 satis
1267 1722 1318 1753 ad
1341 1734 1420 1754 eam
1455 1721 1481 1755 i.
1510 1732 1542 1754 e.

74 1767 122 1801 ad
147 1769 275 1800 fanum
302 1768 453 1802 Tulliae
481 1767 768 1802 exstruendum.
790 1785 833 1792 —
861 1767 997 1813 Sequor
1023 1768 1160 1810 celebr„
1188 1768 1254 1801 ich
1281 1769 1397 1803 suche
1426 1769 1544 1803 einen

73 1815 366 1849 vielbesuchten
393 1817 508 1851 Platz.
541 1816 628 1863 Vgl.
657 1827 715 1860 ep.
743 1818 824 1854 541,
851 1818 884 1851 4.
911 1835 958 1840 —
984 1819 1018 1849 si
1045 1817 1180 1859 per-fic„
1207 1828 1323 1850 wenn
1349 1817 1417 1850 der
1438 1817 1543 1850 Han-

74 1863 249 1898 del..zu
283 1864 421 1898 Stande
456 1865 617 1905 kommt,
658 1864 693 1897 d.
721 1864 747 1897 i.
783 1875 900 1897 wenn
925 1864 985 1897 Du
1019 1864 1090 1899 ihu
1124 1875 1173 1896 zu
1200 1863 1339 1898 Stande
1375 1865 1541 1913 bringst.

169 1925 203 1958 2.
254 1927 328 1968 ipsi
348 1927 567 1969 permittam
593 1926 634 1957 de
659 1929 819 1968 tempore
843 1923 1013 1958 Athenas
1040 1923 1327 1968 proficiscendi.
1367 1924 1454 1971 Vgl.
1483 1936 1542 1970 ep.

73 1973 166 2007 542:
203 1974 279 2005 iam
305 1978 444 2017 tempus
470 1986 539 2006 esse
563 1975 717 2006 videtur.
745 1991 790 1996 ——
826 1977 867 2005 ut
896 1978 1071 2017 permut„
1105 1972 1186 2005 dass
1223 1983 1259 2004 es
1295 1971 1544 2019 eingewech-

74 2020 149 2053 selt
174 2020 345 2054 wi1·d.—
368 2022 425 2054 Ex
440 2023 570 2055 Aledio
589 2048 594 2054 .
615 2046 622 2054 .
638 2025 672 2054 si
699 2021 788 2066 quid
811 2023 1001 2059 inveneris,
1035 2020 1182 2053 solltest
1198 2020 1257 2052 Du
1284 2031 1370 2053 vom
1385 2020 1543 2055 Aledius

73 2069 203 2102 Etwas
232 2068 424 2106 ersahren,
479 2069 584 2103 Diess
609 2068 764 2102 bezieht
790 2068 874 2101 sich
902 2068 1103 2101 entweder
1136 2069 1203 2100 auf
1226 2079 1282 2111 ep.
1311 2070 1394 2110 5'41,
1423 2071 1442 2102 1
1481 2080 1544 2103 am

73 2116 182 2150 Ende
216 2116 310 2150 oder
343 2117 537 2150 vielmehr
568 2119 635 2149 auf
678 2117 738 2150 die
773 2116 932 2149 Abreise
972 2116 1036 2149 des
1072 2115 1260 2148 Publilius
1296 2127 1353 2160 ep.
1389 2118 1472 2156 5¹42,
1508 2119 1542 2151 1.

72 2167 155 2202 526,
181 2167 215 2199 3.
247 2183 294 2188 —
330 2168 503 2206 contrita,
537 2165 755 2213 abgenutzt,
795 2163 1091 2211 abgedroschen.
1125 2183 1171 2188 —
1197 2162 1340 2207 facere,
1378 2175 1415 2198 es
1449 2165 1545 2199 iiber

75 2212 179 2245 mich
208 2211 429 2259 gewinnen.
463 2232 510 2238 —
543 2219 584 2246 ut
611 2219 694 2247 tuas
727 2215 925 2258 accipiam,
958 2212 1033 2246 wie
1061 2223 1118 2256 ep.
1147 2213 1229 2250 528,
1254 2214 1295 2247 2:
1329 2217 1370 2245 ut
1396 2214 1545 2248 eliciam

75 2265 158 2294 tuas
183 2262 319 2294 literas.

171 2311 205 2342 3.
256 2309 414 2351 habebis,
442 2309 592 2343 scribas.
617 2328 664 2333 —
689 2310 789 2342 Scire
814 2310 910 2341 enim
945 2307 1028 2340 scil.
1064 2312 1100 2342 te
1127 2313 1198 2342 cet.
1242 2307 1303 2340 Du
1328 2307 1440 2341 wirst
1464 2307 1543 2342 also

74 2355 199 2389 leicht
225 2356 285 2389 die
313 2357 400 2390 Zeit
427 2357 606 2391 errathen
631 2357 798 2397 konnen,
837 2367 898 2389 wo
934 2367 975 2388 er
1000 2368 1048 2388 zu
1074 2355 1169 2389 Rom
1198 2355 1402 2390 eintreffen
1428 2368 1541 2390 muss.

74 2405 157 2436 Zur
183 2402 301 2437 sache
328 2406 407 2452 vgl.
437 2417 494 2450 ep.
522 2407 604 2448 535,
631 2408 665 2440 3.
705 2406 820 2438 Pansa
844 2415 927 2438 war
954 2403 1022 2436 der
1049 2403 1289 2451 Nachfolger
1316 2404 1380 2437 des
1401 2403 1542 2437 Brutus

75 2451 119 2484 in
147 2451 215 2484 der
240 2452 404 2485 Provinz
433 2453 601 2487 Gallien.
635 2472 682 2477 -—-
715 2456 754 2486 in
779 2455 904 2497 primm
929 2454 1130 2495 provincia.
1167 2452 1410 2486 Consuetudo
1447 2455 1542 2494 erat,

74 2504 118 2532 ut
143 2498 384 2545 magistratus
411 2500 634 2534 decedente-
662 2511 914 2533 successorem
944 2505 1205 2544 exspectarent
1239 2501 1277 2531 in
1304 2500 1428 2543 prima
1453 2510 1544 2543 pro-

74 2547 204 2580 vincia
230 2548 295 2585 (an
321 2547 390 2581 der
416 2548 567 2582 Grenze
595 2549 662 2582 (lor
682 2549 877 2589 provinz),
905 2547 950 2580 ad
977 2559 1089 2590 quam
1119 2548 1288 2592 respexit
1314 2548 1353 2579 in
1381 2547 1543 2591 epistola

75 2595 122 2628 ad
148 2594 315 2639 Appium
349 2596 418 2636 ΙΙΙ,
445 2599 478 2631 6.
506 2597 552 2629 ad
578 2597 713 2629 Fama.
750 2596 803 2637 (h.
831 2597 887 2628 ed.
915 2598 1021 2637 213):
1061 2601 1093 2629 te
1119 2599 1156 2628 ιἰι
1189 2599 1314 2640 prima
1352 2598 1543 2641 provincia

76 2648 147 2676 cet.
187 2643 311 2676 Prima
349 2649 474 2677 autem
508 2645 596 2677 urbs
625 2644 775 2678 Galliae
815 2643 1007 2678 citerioris
1044 2649 1124 2677 crat
1161 2645 1352 2678 Ravenna.
1394 2644 1540 2689 Popma.

75 2691 202 2726 Ueber
226 2694 266 2727 in
289 2703 347 2736 pr,
365 2703 468 2736 prov.
495 2705 521 2729 s⁴
546 2692 698 2727 Ramsh.
724 2693 751 2737 ξ.
781 2695 862 2734 152,
891 2704 920 2726 a.
957 2691 1101 2726 Cretes.
1129 2692 1156 2735 ἓ.
1184 2694 1265 2728 282.
1283 2711 1330 2717 -
1355 2693 1442 2728 Kal.
1459 2691 1541 2726 scil.
