1795 3081
225 126 322 172 432
492 121 560 170 M.
599 122 652 170 T.
693 86 1032 169 cleniROle
1068 119 1447 169 nmsronAn.

225 251 331 284 tum.
386 242 443 282 At
472 244 550 282 illa
580 248 732 282 nostra
759 239 1033 294 praedicatio
1065 241 1217 292 quanti
1246 247 1325 291 est,
1356 255 1449 293 nos,
1481 243 1596 295 quod
1625 245 1682 282 si-

225 313 335 350 mus,
365 297 483 351 quod
508 298 755 343 habeamus,
787 294 903 348 quod
923 295 1120 334 homines
1141 296 1458 348 existimemur,
1489 297 1534 336 id
1557 311 1682 337 omne

224 355 300 395 abs
331 360 374 393 te
404 354 589 392 habere!
643 352 804 404 Quare,
848 352 1005 390 Cicero
1034 351 1111 399 mi,
1152 363 1389 402 persevera
1433 359 1685 392 constanter

224 423 302 448 nos
333 419 596 450 conservare
627 414 670 447 et
690 406 879 459 Sulpicii
906 405 1149 444 successori
1179 420 1258 445 nos
1289 406 1341 446 de
1369 408 1551 447 meliore
1580 414 1684 447 nota

224 462 493 514 commenda,
524 475 608 516 quo
638 463 814 501 facilius
843 462 930 500 tuis
959 462 1205 513 praeceptis
1244 463 1550 515 obtemperare
1586 476 1682 516 pos-

222 521 356 558 simus
386 525 515 570 teque
545 516 600 556 ad
629 530 709 557 ver
738 516 937 555 lubentes
960 513 1114 554 videre
1145 522 1188 554 et
1215 523 1367 555 nostra
1397 518 1582 573 refigere
1611 517 1684 556 de-

183 573 492 627 2portareque
522 579 619 611 tuto
649 573 875 625 possimus.
933 568 1034 620 Sed,
1064 571 1201 609 amice
1230 585 1400 627 magne,
1440 573 1534 611 noli
1572 572 1685 611 hauc

223 630 454 682 epistolam
470 628 619 667 Attico
640 625 891 666 ostendere:
923 626 1016 663 sine
1047 637 1144 664 eum
1175 639 1327 666 errare
1358 634 1402 666 et
1430 634 1588 680 putare
1616 640 1685 666 me

219 686 370 723 virum
400 684 563 723 bonum
593 695 684 722 esse
714 694 794 722 nec
815 681 958 720 solere
983 678 1068 718 duo
1100 682 1289 732 parietes
1320 681 1372 721 de
1402 681 1552 721 eadem
1580 680 1686 721 fide-

221 741 281 778 lia
311 738 530 778 dealbare.
589 737 719 793 Ergo,
760 743 946 790 patrone
984 736 1062 784 mi,
1105 735 1215 774 bene
1254 738 1353 776 vale
1385 736 1685 789 Tironemque

219 807 364 833 meum
402 795 546 832 saluta
581 794 744 832 nostris
785 792 946 831 verbis.
1021 789 1121 830 Dat.
1158 803 1196 830 a.
1236 790 1275 830 d.
1307 790 1431 842 [mr]
1462 792 1560 833 Kal.
1592 791 1685 832 No-

216 849 360 889 vemb.

297 974 616 1024 EPISTOLA
652 972 924 1022 DCXLIX.
985 972 1067 1031 (ad
1100 972 1215 1021 Div.
1251 974 1309 1024 V.
1348 976 1422 1020 10.
1460 975 1607 1033 extr.)

328 1053 411 1087 Ser.
440 1053 614 1085 Naronae
642 1050 760 1084 Nonis
788 1049 989 1083 Decembr.
1018 1050 1061 1083 A.
1090 1052 1135 1084 U.
1163 1051 1202 1085 C.
1230 1053 1311 1087 709.
1351 1053 1399 1091 (a.
1429 1051 1470 1087 C.
1497 1053 1576 1093 45.)

218 1112 262 1144 In
290 1111 363 1145 hoc
389 1113 607 1158 fragmento
635 1109 834 1154 epistolae,
868 1109 975 1142 cuius
1001 1108 1157 1142 initium
1183 1110 1314 1154 periit,
1351 1111 1473 1144 refert
1497 1110 1685 1152 Vatinius,
1788 1092 1795 1244 ς

216 1171 310 1203 quae
337 1159 378 1191 in
405 1159 594 1192 Dalmatia
620 1157 793 1205 gesserit,
834 1168 1058 1200 causamque
1084 1169 1190 1190 suam
1217 1158 1397 1192 Ciceroni
1432 1159 1685 1193 commendat.

793 1219 811 1238 *
942 1240 960 1261 *
1095 1217 1112 1238 *

325 1279 416 1334 Ego
446 1285 546 1332 post
574 1278 919 1332 supplicationes
957 1277 1068 1316 mihi
1105 1277 1302 1318 decretas
1342 1279 1387 1317 in
1417 1279 1684 1319 Dalmatiam

215 1359 265 1389 rit
291 1367 317 1389 s.
346 1355 434 1389 Rost
462 1355 561 1401 Spec.
590 1359 624 1397 3,
651 1367 687 1400 p.
715 1357 751 1396 7,
780 1373 821 1380 —
848 1356 900 1388 At
926 1357 994 1388 illa
1019 1360 1146 1388 nostra
1172 1357 1296 1399 praed.
1325 1369 1357 1402 ‹1-
1386 1361 1449 1397 est,
1483 1355 1584 1389 Aber
1609 1355 1683 1390 wie

213 1403 299 1436 Viel
325 1405 400 1451 sag'
426 1403 490 1437 ich
519 1404 652 1445 damit,
680 1413 796 1437 wenn
821 1401 887 1435 ich
913 1413 988 1435 von
1014 1402 1087 1435 Dir
1113 1401 1248 1436 riihme
1275 1416 1310 1441 u,
1340 1415 1366 1436 s,
1394 1404 1464 1437 w.!
1504 1422 1551 1428 —
1591 1403 1687 1449 quod

212 1454 337 1493 simus,
362 1454 538 1493 vivamus,
573 1456 616 1483 ut
649 1462 706 1495 ep.
745 1452 827 1485 653.
879 1449 960 1484 Hoc
991 1450 1107 1483 verbo
1136 1450 1274 1484 Curius
1301 1451 1364 1484 vel
1398 1451 1606 1499 significat,
1640 1451 1682 1483 in

214 1510 324 1532 causa
351 1499 487 1543 capitis
513 1511 533 1532 a
560 1498 746 1532 Cicerone
772 1510 810 1531 se
837 1497 1035 1531 defensum
1061 1498 1178 1531 fuisse
1206 1516 1248 1523 --
1274 1503 1387 1531 vocat
1421 1499 1524 1533 enim
1553 1504 1682 1543 patro-

211 1559 298 1581 num
323 1559 435 1580 suum
463 1565 505 1572 —
533 1547 597 1580 vel
625 1546 725 1579 illud
760 1556 802 1580 eo
837 1546 1010 1590 respicit,
1050 1546 1151 1590 quod
1185 1546 1226 1578 in
1260 1546 1460 1579 consulatu
1492 1548 1682 1581 fenerato-

214 1606 274 1628 res
299 1595 475 1639 periculo
510 1600 705 1628 exemerat
741 1597 795 1635 (v.
824 1605 882 1638 ep.
907 1594 1008 1635 XV.).
1060 1593 1156 1638 Apte
1190 1594 1234 1626 ad
1269 1599 1476 1638 utrumque
1511 1595 1683 1638 sequitur

208 1655 400 1688 persevera
427 1655 648 1677 conservare.
679 1641 887 1675 WEJSKE.
914 1659 959 1667 —
986 1643 1084 1687 quod
1105 1643 1299 1675 habeamus
1324 1642 1469 1684 (Lamb.
1487 1642 1579 1682 del.)
1606 1643 1629 1677 i.
1649 1654 1680 1676 e.

212 1691 308 1723 bona
335 1696 463 1724 nostra
492 1690 770 1735 possideamus,
810 1690 909 1733 quod
939 1689 1100 1723 homines
1140 1693 1386 1723 existimemur
1423 1689 1523 1732 (dass
1549 1690 1613 1723 ich
1641 1690 1681 1722 in

214 1738 283 1771 der
309 1738 567 1772 'dffentlichen
594 1737 778 1782 Meinung
812 1736 914 1771 noch
941 1736 1072 1771 Etwas
1107 1737 1233 1771 werth
1262 1738 1343 1779 bin)
1379 1737 1402 1769 i.
1432 1748 1460 1772 e.
1500 1738 1680 1770 humani-

213 1785 299 1819 tatis
325 1791 363 1820 et
387 1785 615 1819 urbanitatis
642 1785 794 1817 laudem
822 1784 1051 1825 habeamus,
1091 1796 1186 1828 quae
1214 1785 1294 1819 sine
1322 1784 1435 1818 dubio
1463 1785 1680 1819 innotuerat

213 1845 258 1867 ex
292 1833 362 1867 illa
397 1833 617 1867 defensione
645 1832 769 1873 Curii,
808 1832 849 1864 in
884 1843 957 1876 qua
984 1832 1120 1866 Cicero
1156 1832 1201 1866 de
1227 1832 1436 1877 praecipua
1463 1833 1543 1866 eius
1569 1833 1679 1866 laude

213 1885 318 1914 certe
359 1893 435 1915 non
476 1881 606 1914 tacuit.
649 1880 857 1914 WEISKE.
895 1898 943 1904 —-
986 1892 1050 1914 nos
1083 1892 1252 1922 conserv„
1300 1879 1406 1912 mich
1441 1880 1482 1912 in
1517 1880 1679 1914 Deinem

212 1928 378 1963 Schutze
413 1940 461 1961 zu
498 1928 687 1963 behalten.
727 1947 771 1953 —-
806 1928 976 1972 Sulpicii,
1011 1928 1073 1961 des
1110 1927 1332 1975 bisherigen
1359 1926 1603 1962 Statthalters
1639 1929 1679 1961 in

211 1976 365 2010 Achaia.
405 1975 441 2012 S.
479 1988 537 2021 ep.
574 1978 655 2012 496.
690 1979 772 2012 497.
811 1978 892 2011 365.
928 1978 1008 2011 566.
1057 1975 1200 2009 Dessen
1236 1975 1417 2009 nachster
1442 1976 1680 2024 Nachfolger

211 2035 295 2058 war
328 2023 470 2057 Auctus
507 2023 566 2057 od.
602 2023 795 2071 richtiger
821 2023 985 2059 Acilius.
1020 2022 1055 2059 S.
1084 2035 1141 2068 ep.
1170 2026 1238 2059 653
1266 2036 1300 2056 u,
1327 2025 1407 2059 654.
1441 2042 1488 2048 —
1522 2026 1676 2070 obtemp.

207 2075 400 2118 possimus.
429 2072 502 2106 del.
524 2075 708 2117 possimus
733 2071 860 2106 Lamb.
899 2073 971 2105 ΟΒ.
999 2090 1045 2096 --
1077 2073 1225 2113 labent„
1260 2083 1308 2104 zu
1342 2071 1491 2105 meiner
1515 2072 1677 2106 Frende.

210 2138 257 2145 —
284 2120 431 2166 refigere
458 2132 502 2154 ex
528 2120 685 2164 antiqua
712 2124 875 2153 correct.
905 2120 1034 2154 Lamb.
1071 2120 1169 2152 Lall.
1205 2120 1299 2152 ΕΓΗ.
1338 2119 1426 2154 Sch.
1461 2119 1556 2153 Liin.
1596 2122 1678 2164 defi-

209 2180 292 2212 gere
319 2168 415 2203 Cett.
443 2179 529 2200 cum
556 2168 627 2201 Md.
668 2169 741 2201 ΟΒ.
783 2168 931 2212 refigere
957 2173 1011 2201 est
1037 2167 1174 2200 tollere
1201 2168 1246 2200 ad
1273 2167 1556 2211 asportandum.
1599 2169 1678 2203 Vo-

211 2215 311 2248 lebat
336 2215 440 2248 enim
466 2216 624 2248 Romam
658 2216 841 2263 migrare.
876 2215 987 2249 ERN.
1025 2215 1177 2256 „meine
1203 2215 1517 2263 Habseligkeiten
1544 2215 1677 2249 einzu-

209 2263 373 2307 packen‚
401 2263 461 2296 die
489 2263 703 2307 Capitalien
733 2263 996 2297 einzutrciben
1029 2263 1106 2296 und
1133 2262 1233 2296 nach
1260 2263 1354 2296 Rom
1390 2275 1437 2295 zu
1464 2262 1675 2297 schaffen.“

210 2310 407 2344 Nachdem
436 2322 478 2345 er
503 2311 585 2343 sich
614 2312 668 2344 als
696 2311 915 2344 Kausmann
941 2311 1022 2343 und
1049 2311 1243 2354 Banquier
1269 2323 1316 2343 zu
1342 2312 1449 2344 Patra
1478 2311 1539 2344 ein
1565 2317 1675 2357 gutes

211 2359 435 2405 Vermiigen
463 2358 663 2392 erworben
689 2359 807 2401 hatte,
834 2359 966 2394 wollte
994 2370 1036 2392 er
1062 2359 1209 2393 wieder
1234 2358 1332 2392 nach
1358 2359 1496 2392 Italien
1522 2355 1674 2394 ziehen.

210 2406 294 2454 Vgl.
324 2418 381 2451 ep.
409 2408 479 2441 654
504 2418 628 2454 gegen
655 2406 777 2440 Ende.

304 2455 338 2488 2.
390 2466 452 2488 nec
475 2456 586 2488 solere
620 2456 690 2487 duo
729 2454 846 2494 (Crat.
886 2455 1016 2488 Lamb.
1054 2455 1160 2495 duos)
1191 2455 1557 2498 pariet...dealbarc‚
1596 2454 1673 2487 und

211 2500 291 2534 dass
318 2500 383 2534 ich
412 2501 521 2534 nicht
556 2502 656 2536 zwei
680 2502 832 2537 W‘a'nde
868 2515 931 2535 aus
966 2503 1093 2536 einem
1120 2503 1238 2546 Topfe
1266 2514 1312 2535 zu
1340 2502 1498 2536 weissen
1533 2503 1669 2549 pflege.

210 2549 363 2582 locatur
388 2549 427 2581 in
454 2562 491 2583 se
518 2549 657 2594 ipsum,
692 2550 793 2594 quod
830 2550 934 2594 quasi
960 2550 1018 2583 sui
1043 2550 1292 2595 partitionem
1319 2550 1457 2583 fecerit
1482 2550 1585 2583 inter
1612 2550 1672 2584 Ci-

209 2607 387 2630 ceronem
416 2601 451 2630 et
470 2597 653 2640 Atticum,
682 2603 718 2631 et
745 2597 807 2630 illi
834 2609 903 2631 usu
930 2599 1072 2638 fructu,
1100 2598 1194 2630 huic
1222 2598 1415 2642 mancipio
1443 2603 1479 2631 et
1506 2609 1605 2631 nexu
1632 2609 1669 2630 se

207 2644 410 2688 proprium
444 2644 601 2678 dixerat.
640 2646 740 2678 SCH.
774 2664 820 2670 ——
864 2645 967 2688 [1111]
1003 2651 1056 2679 est
1091 2657 1109 2679 e
1137 2646 1259 2690 suppl.
1289 2658 1321 2678 a.
1351 2646 1381 2679 cI.
1410 2648 1453 2680 K.
1479 2645 1568 2679 Νου,
1596 2644 1667 2679 Md.

209 2692 283 2725 ΟΒ.
313 2703 400 2733 „am
431 2693 487 2728 29.
516 2692 716 2727 October.“

300 2754 331 2785 1.
380 2752 474 2797 Ego.
500 2751 806 2801 „Fragmentum
834 2754 1017 2797 epistolae
1044 2758 1128 2787 ante
1156 2753 1394 2797 superiorem
1423 2753 1491 2796 (V,
1513 2753 1554 2786 X.
1577 2766 1604 2787 s.
1628 2752 1668 2786 h.
