1795 3081
544 67 885 132 '‘EmsToLA
924 82 1188 131 Dcxmv.
1483 83 1578 128 4⁴25

132 206 302 255 faciam,
333 205 425 257 ipse
454 203 617 255 optime
659 202 777 240 scio:
827 203 978 254 quanti
1020 208 1164 242 autern
1200 203 1346 240 facere
1388 199 1580 250 debeam,

132 266 176 300 et
205 266 252 298 tu
281 265 324 299 et
353 271 500 297 omnes
531 257 727 296 homines
757 257 913 297 sciunt.
984 256 1023 295 Is
1054 270 1186 309 quum
1216 269 1265 295 ex
1297 256 1395 295 aliis
1424 262 1466 294 te
1497 257 1581 295 mci

132 313 498 353 studiosissimum
537 325 626 351 esse
671 318 913 365 cognosset,
956 313 1114 364 petixit
1160 325 1184 350 a
1229 324 1313 361 me,
1359 316 1408 350 ut
1448 309 1503 349 ad
1539 317 1582 349 te

131 382 259 422 quam
288 369 612 407 accuratissime
647 368 887 405 scriberem
924 365 976 405 de
1014 380 1062 406 re
1100 365 1146 406 C.
1176 366 1326 405 Albini
1353 367 1582 415 senatoris,

133 425 257 462 cuius
299 437 352 463 ex
390 424 482 462 filia
522 428 649 460 natus
688 427 752 460 est
779 421 831 459 L.
862 420 1044 471 Sestius⁷
1089 423 1277 474 optimus
1318 419 1582 466 adolescens,

130 479 246 518 filius
275 478 318 518 P.
349 476 493 518 Sestii.
551 477 651 515 Hoc
689 475 858 514 idcirco
887 477 1059 528 scripsi,
1102 483 1153 515 ut
1186 476 1456 530 intelligeres
1494 489 1581 514 non

131 534 273 572 solum
316 546 383 572 me
424 544 505 585 pro
541 531 585 571 P.
627 530 770 574 Sestio
815 531 1020 570 laborare
1063 529 1236 582 debere,
1280 532 1355 569 sed
1393 529 1580 570 Sestium

132 589 263 627 etiam
293 601 374 641 pro
404 587 579 626 Albino.
647 586 731 625 Res
776 592 919 624 autem
959 592 1023 625 est
1059 586 1186 626 haec:
1226 599 1251 625 a
1290 585 1352 625 Μ.
1390 583 1621 626 Laberi02

131 644 177 682 C.
207 643 391 681 Albinus
421 640 601 694 praedia
629 641 676 679 in
706 642 1052 693 aestimationem
1083 643 1271 694 accepit:
1318 653 1428 693 quae
1456 653 1582 693 prae·

131 696 203 736 dia
231 697 447 736 Laberius
478 702 644 735 emerat
673 709 698 734 a
727 695 912 734 Caesare
943 695 994 734 de
1026 697 1150 735 bonis
1172 697 1396 735 Plotianis.
1455 696 1515 733 Ea
1545 696 1583 733 si

132 751 282 790 dicam»
303 764 391 790 non
421 764 511 791 esse
541 764 563 790 e
593 764 641 790 re
670 751 848 803 publica
877 750 1032 801 dividi,
1062 750 1220 791 docere
1238 758 1280 790 te
1298 750 1467 800 videar,
1497 763 1585 788 non

134 820 305 861 rogare.
363 805 450 846 Sed
479 813 623 846 tamen
653 820 784 858 quum
817 805 980 846 Caesar,
1004 805 1206 844 Sullanas
1241 805 1513 846 venditiones
1543 811 1586 844 et

130 862 444 917 assignationes
474 868 589 900 ratas
620 873 710 900 esse
740 862 864 911 velit,
907 874 991 915 (suo
1022 862 1239 900 firmiores
1277 862 1584 900 existimentur

131 929 256 956 suae:
297 918 334 955 si
365 930 414 956 ea
448 915 630 970 praedia
668 915 940 965 dividentur,
987 929 1096 968 quae
1124 918 1217 969 ipse
1247 915 1407 955 Caesar
1434 913 1587 955 vendi-

131 970 210 1022 dit,
242 985 351 1024 quae
380 971 554 1011 tandem
585 972 631 1009 in
661 972 752 1010 eius
776 970 1102 1011 venditionibus
1122 985 1212 1011 esse
1242 972 1408 1024 poterit
1436 976 1585 1009 aucto-

133 1027 272 1065 ritas?
310 1026 397 1066 Sed
426 1027 508 1065 hoc
539 1026 666 1078 quale
695 1027 767 1077 sit,
809 1033 858 1066 tu
887 1040 968 1079 pro
1007 1032 1083 1065 tua
1117 1025 1352 1079 prudentia
1390 1024 1586 1064 conside-

131 1083 265 1121 rabis,
321 1082 412 1137 Ego
443 1088 484 1120 te
520 1083 648 1134 plane
687 1094 796 1136 rogo
837 1088 967 1134 atque
1006 1083 1084 1132 ita,
1128 1087 1178 1120 ut
1220 1082 1386 1119 maiore
1425 1077 1628 1130 studio,3

133 1137 319 1176 iustiore
349 1140 401 1176 de
432 1149 575 1186 causa,
617 1138 754 1190 magis
793 1150 845 1175 ex
882 1138 1027 1175 animo
1067 1149 1227 1191 rogare
1265 1136 1377 1174 nihil
1413 1136 1589 1189 possim,

131 1198 180 1230 ut
209 1191 369 1230 Albino
401 1204 570 1244 parcas,
609 1190 789 1243 praedia
817 1192 1064 1231 Laberiana
1093 1205 1146 1230 ne
1176 1192 1375 1245 attingas.
1429 1190 1591 1246 Magna

133 1260 201 1284 nie
232 1248 432 1286 affeceris
470 1260 556 1285 non
595 1245 724 1284 modo
762 1247 947 1297 laetitia,
987 1246 1061 1286 sed
1099 1247 1230 1285 etiam
1271 1244 1589 1298 quodammodo

135 1302 295 1356 gloria,
326 1303 363 1340 si
392 1302 436 1340 P.
467 1300 636 1340 Sestius
667 1301 838 1340 homini
869 1304 1057 1341 maxime
1086 1302 1332 1340 necessario
1371 1302 1591 1340 satisfece-

134 1359 196 1395 rit
223 1370 304 1409 per
332 1369 415 1407 me,
457 1362 508 1395 ut
538 1368 616 1410 ego
648 1356 716 1394 illi
745 1357 823 1394 uni
852 1358 1093 1409 plurimum
1123 1355 1315 1395 debeam.
1386 1355 1514 1408 Quod
1541 1361 1592 1395 ut

153 1413 283 1462 (zeias,
323 1418 366 1451 te
409 1411 692 1450 vehementer
732 1413 862 1451 etiam
909 1419 1038 1465 atque
1077 1413 1208 1451 etiam
1249 1424 1372 1466 rogo.
1444 1410 1591 1450 Maius

132 1466 242 1505 mihi
285 1465 388 1506 dare
432 1466 691 1505 beneficium
730 1467 900 1506 nullum
937 1474 1074 1521 potes.
1134 1466 1185 1505 Id
1221 1466 1332 1505 mihi
1368 1466 1589 1521 intelliges

135 1534 224 1560 esse
255 1523 563 1577 gratissimum.
956 1540 964 1550 v

135 1613 221 1647 Ans.
249 1627 293 1637 -
319 1618 352 1645 te
378 1615 448 1645 mei
471 1613 565 1645 stud.
593 1625 675 1654 esse,
702 1612 782 1645 dass
808 1613 867 1646 Du
893 1614 1100 1661 ungemein
1125 1613 1226 1647 viele
1250 1611 1501 1659 Gesanigkeit
1527 1622 1592 1659 ge-

137 1672 213 1709 gen
238 1659 345 1693 mich
370 1659 511 1693 habest.
537 1678 585 1684 --
612 1666 822 1695 ut..accur.
849 1662 955 1694 scrcb.
983 1663 1022 1695 cle
1049 1674 1098 1702 re,
1132 1661 1203 1694 Dix-
1228 1661 1290 1694 ein
1315 1660 1502 1708 Anliegen
1529 1660 1592 1693 des

141 1734 149 1743 .
166 1733 176 1742 .
193 1709 279 1742 ,auf
304 1707 364 1740 das
390 1706 766 1741 Nachdriicklichste
792 1721 839 1741 zu
867 1709 1099 1753 empfehlen.
1134 1727 1182 1733 —-
1212 1709 1350 1747 Albini,
1383 1706 1592 1740 Postumiae

139 1755 276 1805 gentis.
302 1774 349 1780 —
383 1759 484 1788 cuius
511 1767 551 1789 ex
567 1757 655 1801 filia
681 1762 790 1790 natus
817 1762 886 1790 est.
902 1758 1043 1802 ..filius
1069 1762 1105 1790 et
1130 1762 1248 1801 nupta
1273 1756 1349 1789 iam
1376 1755 1468 1790 filia.
1507 1754 1591 1790 Vid.

141 1808 240 1839 orat.
267 1814 338 1847 pro
365 1802 457 1837 Sest.
487 1814 518 1837 c.
545 1807 578 1838 3.
607 1809 642 1837 et
668 1816 723 1848 ep.
752 1804 798 1837 ad
824 1804 972 1839 Divers.
998 1805 1042 1846 V,
1070 1807 1114 1840 17
1141 1803 1195 1846 (h.
1225 1803 1280 1838 ed.
1307 1805 1418 1845 176).

234 1852 267 1885 2.
321 1864 343 1883 α
368 1852 416 1884 Μ.
443 1852 611 1890 Laberio,
645 1853 774 1894 equite
800 1852 982 1887 Romano.
1012 1872 1052 1878 —
1080 1855 1118 1885 in
1144 1857 1229 1886 aest.
1258 1853 1409 1896 accepit,
1445 1848 1511 1883 hat
1536 1849 1595 1883 die

141 1899 360 1946 Landgiiter
393 1898 478 1931 dem
513 1910 600 1932 vom
641 1899 753 1932 C'zisar
791 1901 1012 1947 gegebenen
1051 1900 1210 1934 Gesetze
1237 1902 1382 1947 gemass
1416 1909 1462 1930 an
1498 1897 1596 1930 zah-

140 1948 346 1994 lungsstatt
372 1946 591 1980 annehmen
619 1949 788 1987 iniissen3
827 1948 1018 1981 aestimata
1044 1948 1130 1995 lege
1153 1947 1332 1989 Caesaris,
1358 1945 1492 1989 quanti
1517 1947 1597 1979 fue-

141 2001 230 2028 rant
255 1999 341 2027 ante
368 1994 513 2028 bellum
541 1994 668 2028 civile.
710 1995 788 2028 Csr.
817 2006 874 2039 ep.
901 1999 982 2037 450,
1008 1999 1043 2031 7.
1070 2014 1117 2020 —
1151 1997 1191 2028 de
1218 1996 1318 2029 honis
1342 1995 1532 2032 Plotianis,
1556 1993 1596 2025 in

144 2054 187 2077 ea
213 2042 403 2083 auctione,
441 2053 552 2086 quam
582 2042 626 2075 de
654 2043 762 2077 bonis
790 2043 903 2076 Plotii
929 2043 1171 2089 Pompeianas
1204 2048 1329 2087 partes
1364 2042 1483 2075 secuti
1509 2040 1599 2074 Cae-

141 2102 200 2124 sar
224 2090 310 2123 fieri
335 2089 450 2124 iussit.
477 2090 654 2123 MAMT.
681 2109 726 2115 —
750 2103 820 2124 non
848 2103 918 2124 esse
944 2105 960 2125 e
986 2105 1023 2125 re
1048 2104 1096 2135 p.‚
1123 2103 1159 2125 es
1184 2087 1287 2123 ware
1314 2090 1399 2124 dem
1420 2088 1597 2123 Gemein-

141 2150 269 2172 wesen
296 2137 405 2170 nicht
430 2137 697 2179 vortheilhaft‚
731 2150 845 2173 wenn
873 2139 972 2173 diese
1000 2139 1121 2172 Giiter
1147 2138 1333 2172 vertheilt
1356 2137 1528 2172 wiirden.
1552 2154 1599 2161 —-

143 2188 215 2220 Sed
237 2188 620 2219 tamemauctoritczs?
646 2186 787 2228 Indess,
823 2186 867 2219 da
893 2187 1004 2221 C'asar
1027 2187 1127 2228 will,
1165 2186 1245 2219 dass
1271 2185 1332 2219 die
1359 2184 1600 2232 vormaligen

144 2232 416 2268 Sullanischen
440 2233 627 2267 Verkziufe
652 2235 731 2267 und
757 2234 1038 2282 Anweisungen
1074 2234 1212 2282 gultigg
1246 2233 1389 2266 mithin
1422 2243 1498 2266 von
1534 2231 1602 2265 der

144 2281 408 2328 Vertheilung
443 2292 737 2328 ausgenommen
772 2283 855 2316 sein
888 2283 968 2315 und
1001 2283 1152 2316 bleiben
1186 2281 1323 2321 sollen,
1362 2281 1481 2314 damit
1513 2291 1601 2312 man

147 2329 207 2362 die
234 2329 410 2375 seinigen
435 2330 499 2361 fiir
525 2329 628 2362 desto
657 2329 830 2363 sicherer
854 2330 978 2364 halle:
1018 2330 1187 2364 welches
1215 2330 1431 2364 Vertrauen
1457 2327 1600 2361 kb'nnte

146 2389 237 2410 man
264 2378 329 2410 auf
346 2376 474 2409 Casars
492 2377 679 2410 Verk'ziufe
706 2382 848 2418 setzen,
876 2390 990 2411 wenn
1017 2390 1059 2411 er
1085 2378 1145 2411 die
1171 2388 1247 2411 von
1272 2375 1352 2409 ihm
1380 2376 1492 2410 selbst
1518 2385 1602 2408 ver-

145 2424 303 2457 kauften
331 2424 454 2458 Giiter
480 2424 548 2459 der
571 2425 832 2473 Ver-theilung
865 2431 981 2459 unter
1008 2425 1070 2460 die
1095 2427 1313 2460 Veteranen
1341 2423 1600 2457 unterwerfen

146 2472 311 2506 wollte?

242 2522 275 2554 3.
327 2521 446 2564 magis
472 2531 511 2552 ex
536 2521 672 2558 animo,
698 2531 762 2552 aus
787 2520 975 2554 vollerem
1002 2521 1168 2556 Herzen.
1195 2538 1241 2545 —-
1267 2522 1422 2553 maxime
1446 2529 1602 2551 necessa-

146 2568 217 2607 rio,
243 2566 396 2607 Albino,
422 2577 550 2600 socero
577 2578 653 2601 suo.
680 2586 727 2592 —
751 2565 874 2612 satisf.
887 2581 956 2612 per
975 2581 1041 2609 me,
1070 2569 1192 2602 durch
1217 2568 1344 2601 moine
1365 2564 1602 2609 Fiirsprache

148 2614 209 2647 die
235 2614 448 2661 Erfullung
473 2615 594 2649 seines
620 2614 838 2650 Wunsches
866 2616 1059 2652 erwirken
1093 2617 1218 2650 sollte.
1254 2633 1297 2640 —
1335 2619 1373 2646 ut
1399 2626 1476 2659 ego,
1504 2612 1602 2646 Crat.

148 2661 276 2697 Lamb.
305 2662 442 2695 Graev.
469 2662 588 2696 Luen.
616 2675 724 2708 quum
750 2676 826 2708 ego,
864 2663 910 2697 da
943 2663 1005 2698 ich
1031 2665 1116 2699 dem
1144 2665 1180 2698 P.
1207 2662 1346 2697 Sestius
1373 2660 1433 2694 die
1459 2661 1604 2708 grosste

149 2709 487 2743 Verbindlichkeit
513 2710 690 2758 schuldig
716 2710 792 2745 bin.
