1795 3081
209 115 269 159 18
471 110 535 156 M.
577 109 626 154 T.
667 107 1010 154 CICFJRONlS
1049 107 1430 154 EPISTOLAss,

206 231 388 284 poteris,
418 229 632 281 mitigato.
694 227 814 266 llaec
844 226 898 266 ad
930 234 971 266 tc
994 227 1064 266 dio
1088 229 1221 267 natali
1245 241 1342 266 meo
1364 227 1549 278 scripsit
1582 239 1665 279 quo

206 288 372 324 utinam
404 290 627 335 fuisceptu.·;
659 296 743 319 uon
775 296 911 320 essem
941 290 1016 322 aut,
1046 297 1099 321 ne
1129 283 1233 335 quid
1264 298 1312 322 cx
1346 280 1497 321 cadem
1527 288 1666 321 matre

207 349 356 393 postea
387 346 535 378 natum
567 341 703 376 esset!
746 337 877 377 Plura
906 339 1102 377 scribere
1135 342 1236 378 fletu
1267 337 1521 390 prohibeor.

375 463 694 513 EPISTOLA
734 464 961 513 CCCCV.
1029 465 1112 523 (ad
1146 466 1249 513 ΑΗ.
1288 463 1372 511 XI.
1412 463 1511 520 10.)

254 556 333 588 Ser.
362 553 558 586 Brundisii
584 564 613 585 a.
643 553 678 585 d.
707 552 789 586 ΧΠ.
818 552 898 585 Kal.
930 553 1038 587 Febr.
1069 555 1110 587 A.
1140 555 1184 588 U.
1214 554 1252 587 c.
1281 557 1361 589 707.
1401 558 1448 589 (a.
1478 551 1518 584 c.
1546 552 1622 588 117.)

206 627 261 659 Do
289 625 443 657 furiosis
471 624 700 666 Quintorum
729 624 846 668 patris
875 629 910 657 et
938 623 1012 656 filii
1041 636 1128 673 erga
1157 638 1194 658 se
1222 625 1329 658 odiis.
1360 628 1390 658 1.
1432 623 1477 656 (le
1496 623 1552 661 iis,
1573 632 1667 665 quae

207 674 276 705 sibi
306 673 351 706 de
380 672 568 705 Africanis
604 672 713 704 rebus
751 677 787 704 et
821 671 990 704 Caesaris
1024 679 1118 706 statu
1159 674 1330 706 nuntiata
1365 673 1461 711 sint,
1505 670 1680 712 deanue

502 720 714 753 crebriores
741 719 784 751 ab
813 719 939 753 Attico
968 720 1098 754 literas
1125 722 1306 765 exposcit.
1341 722 1373 754 2.

704 801 881 836 CICERO
920 803 1101 837 ATTICO
1140 803 1175 837 S.

318 876 385 915 Ad
415 888 532 913 meas
563 874 850 913 incredibiles
877 874 1179 928 aegritudines
1210 873 1378 928 aliquid
1408 875 1513 914 novi
1543 884 1665 912 acce-

206 931 272 972 dit
302 946 351 970 ex
384 932 455 979 iis,
487 943 594 981 quae
640 929 692 969 de
723 931 772 981 Q.
806 929 857 980 Q.
898 927 952 969 ad
989 944 1056 969 me
1092 933 1351 969 afferuntur.
1422 931 1465 968 P.
1498 928 1665 966 Teren-

204 989 308 1034 tius,
338 999 459 1025 meus
489 986 772 1030 necessarius,
805 997 959 1037 operas
990 987 1034 1023 in
1064 993 1198 1038 portu
1229 993 1271 1025 et,
1299 987 1520 1037 scriptura
1539 983 1666 1021 Asiae

205 1056 287 1096 pro
319 1043 531 1095 magistro
569 1039 701 1079 dedit.
760 1039 799 1077 Is
830 1040 1043 1091 Quintum
1080 1041 1221 1079 filium
1253 1041 1410 1093 Ephesi
1447 1038 1563 1078 vidit
1601 1051 1662 1076 vi.

205 1097 268 1137 Id.
284 1097 517 1136 Decembr.
549 1107 734 1147 eumque
763 1094 957 1134 studiose
987 1102 1171 1148 propter
1200 1098 1440 1136 amicitiam
1470 1099 1664 1132 nostram

203 1153 438 1202 invitavit3
470 1164 687 1203 quumque
718 1163 770 1188 ex
800 1163 851 1188 eo
883 1149 936 1189 de
965 1164 1033 1189 me
1062 1158 1415 1203 percontaretur,
1452 1162 1551 1188 eum
1581 1147 1664 1185 sibi

204 1209 268 1247 ita
289 1207 449 1246 dixisse
465 1206 688 1256 narrabat,
718 1219 763 1244 se
781 1205 891 1243 mihi
915 1219 1006 1245 esse
1030 1207 1405 1253 inimicissiuuun3
1434 1205 1664 1244 volumen-

204 1276 288 1316 que
318 1262 403 1301 sibi
432 1259 671 1300 ostendisse
700 1262 928 1308 orationis,
959 1275 1087 1314 quam
1117 1261 1231 1314 apud
1253 1263 1481 1301 Caesarem
1511 1264 1665 1297 contra

203 1331 273 1356 me
303 1323 415 1356 esset
444 1317 705 1364 habituru53
749 1316 887 1356 multa
926 1330 951 1356 a
985 1329 1030 1355 se
1060 1316 1178 1357 dicta
1208 1323 1363 1357 contra
1397 1317 1489 1355 eius
1519 1326 1663 1354 amen-

203 1374 331 1412 tiam:
363 1372 504 1411 multa
531 1377 682 1423 postea
711 1370 855 1411 Patris
886 1372 1107 1409 consimili
1144 1373 1312 1411 scelere
1350 1384 1497 1410 secum
1528 1369 1663 1420 Quin-

202 1435 297 1467 tum
327 1433 496 1480 patrem
527 1427 745 1464 locutum:
778 1426 902 1463 cuius
932 1427 1131 1465 furorem
1162 1440 1212 1466 ex
1243 1429 1297 1465 iis
1315 1426 1527 1479 epistolis,
1559 1437 1664 1475 quas

201 1482 257 1523 ad
288 1489 331 1521 te
369 1483 484 1532 misi,
535 1481 787 1534 perspicere
821 1481 1020 1532 potuisti.
1092 1481 1215 1521 Haec
1259 1482 1343 1521 tibi
1384 1480 1532 1520 dolori
1574 1491 1664 1517 esse

203 1544 326 1576 certo
365 1538 483 1575 scio:
533 1549 603 1574 me
646 1534 823 1588 quidem
864 1536 1141 1587 excruciant,
1188 1544 1231 1576 ct
1268 1550 1318 1576 co
1357 1537 1510 1591 magis,
1548 1532 1664 1586 quod

203 1593 313 1632 mihi
343 1605 443 1630 cum
473 1591 564 1629 illis
598 1604 651 1629 ne
681 1589 895 1643 querendi
925 1590 1101 1642 quidem
1137 1591 1283 1631 locum
1314 1594 1513 1630 futurum
1543 1596 1661 1642 puto.

158 1648 268 1693 2De
306 1647 527 1686 Africanis
568 1646 698 1684 rebus
738 1646 870 1700 longe
908 1646 995 1685 alia
1038 1646 1179 1698 nobis,
1232 1660 1280 1687 ac
1322 1653 1371 1686 tu
1410 1647 1662 1698 scripseras,

201 1760 413 1803 Dolabella,
442 1760 527 1793 dem
554 1758 752 1793 Gemahle.
785 1778 832 1783 —
866 1761 904 1792 in
931 1772 984 1792 ea.
1020 1759 1150 1793 Lamb.
1180 1759 1219 1792 in
1247 1772 1297 1793 m.
1326 1761 1430 1799 1584,
1467 1770 1544 1792 non
1570 1759 1663 1792 1566

202 1815 241 1845 in
267 1822 416 1844 eam.—
436 1811 624 1853 mitigato,
653 1807 760 1850 quasi
781 1807 940 1849 Quintus
965 1806 1097 1840 eodem
1126 1808 1225 1847 odio,
1253 1818 1327 1852 quo
1347 1810 1519 1848 fratrem,
1547 1807 1660 1839 etiam

202 1859 281 1892 eius
307 1857 429 1890 filiam
459 1860 730 1900 persecuturus
757 1860 863 1888 esset.
893 1856 993 1887 SCH.
1021 1873 1068 1879 -—
1093 1861 1287 1900 susceptus,
1316 1856 1545 1902 geboren,
1572 1865 1659 1887 vom

201 1907 317 1939 Vater
343 1924 389 1929 —
416 1903 515 1937 nach
544 1903 612 1936 der
638 1902 852 1936 bekannten
879 1901 974 1936 Sitte
1000 1921 1045 1927 —-
1084 1914 1159 1937 von
1186 1904 1255 1936 der
1280 1904 1382 1937 Erde
1408 1902 1659 1949 ausgehoben‚

201 1953 417 1987 anm-kannt
442 1951 520 1984 und
547 1960 720 1997 erzogcn.
773 1951 862 1984 Sein
889 1950 1119 1998 Geburtstag
1155 1963 1237 1985 war
1276 1952 1343 1985 der
1368 1951 1486 1984 ‹lritte
1512 1952 1659 1983 Ianuar.

201 2002 296 2049 Vgl.
322 2001 441 2034 Plaut.
477 1998 590 2043 Epid.
624 1999 689 2039 IV,
717 2002 749 2039 1,
775 2001 833 2033 3-1.
884 1998 961 2032 Cic.
990 1999 1142 2032 Tuscul.
1182 2000 1253 2040 ΙΙΙ,
1281 2003 1312 2033 1.
1361 1999 1475 2033 Verr.
1503 1999 1574 2039 III,
1601 2000 1659 2034 69,

201 2049 308 2096 Virg.
334 2049 426 2081 Aen.
454 2047 517 2087 lV,
550 2048 630 2082 327.
656 2065 702 2070 —
736 2051 802 2080 aut
826 2059 869 2080 nc
896 2047 1111 2092 quid..nat.
1139 2048 1245 2081 esset!
1291 2046 1474 2091 Quintum
1501 2047 1659 2079 fratrem

201 2095 407 2144 significat.
442 2096 544 2129 SCH.

298 2171 330 2202 1.
383 2180 423 2202 ea:
448 2170 507 2201 iis.
558 2165 631 2199 Md.
658 2166 742 2199 Asc.
772 2168 804 2199 1.
834 2165 934 2199 Crat.
963 2165 1068 2200 vict.
1101 2169 1130 2200 1.
1166 2167 1231 2201 his.
1260 2184 1303 2192 —
1334 2168 1373 2211 Q.
1403 2168 1442 2210 Ο.
1468 2176 1518 2198 =
1543 2165 1658 2207 Quin-

201 2216 249 2250 tis
273 2220 381 2260 patre
416 2220 452 2249 et
488 2214 583 2248 filio.
617 2232 664 2238 --
699 2215 734 2247 P.
763 2215 947 2248 Terentius
980 2214 1111 2258 Hispo,
1151 2214 1214 2247 ein
1251 2215 1518 2248 Vicedirector
1550 2213 1658 2246 einer

202 2263 459 2298 Gesellschaft
492 2272 567 2295 von
603 2261 925 2306 Staatsp'zichtern.
968 2260 1003 2295 S.
1041 2262 1085 2294 ad
1120 2263 1268 2296 Divers.
1308 2263 1412 2304 XIII,
1448 2263 1507 2297 65.
1539 2280 1586 2285 --
1620 2264 1657 2294 in

203 2318 313 2357 portu
340 2316 374 2345 et
397 2313 584 2355 scriptura
610 2309 646 2343 h.
666 2321 695 2343 e.
723 2311 763 2342 in
789 2310 978 2350 societate,
1007 2321 1102 2353 quae
1128 2311 1300 2354 portoria
1329 2317 1365 2344 et
1392 2310 1557 2355 vectigal
1575 2309 1658 2356 agri

201 2360 333 2405 pascui
360 2359 466 2392 illius
491 2357 715 2402 provinciae
750 2357 992 2391 conduxerat.
1021 2377 1066 2381 —
1100 2372 1169 2403 pro
1195 2362 1384 2403 magistro,
1429 2358 1540 2390 Multi
1567 2368 1656 2390 con-

202 2408 389 2441 ducebant
424 2405 633 2453 vectigalia
675 2405 836 2438 alicuius
877 2405 1117 2450 provinciae:
1163 2406 1229 2450 qui
1268 2407 1472 2439 maximam
1509 2411 1657 2450 partem

201 2455 451 2495 conduxerat,
491 2453 563 2487 toti
601 2453 895 2497 praeficiebatur
939 2453 1109 2487 societati
1155 2460 1192 2487 et
1226 2454 1421 2487 dicebatur
1462 2457 1655 2499 nmgister;

202 2503 268 2547 qui
294 2503 422 2536 vicem
449 2502 529 2535 eius
555 2501 721 2549 gerebat,
748 2514 816 2545 pro
833 2504 1025 2546 magistro.
1055 2502 1133 2535 Sclz.
1161 2503 1247 2549 Vgl.
1265 2514 1313 2535 zu
1330 2514 1389 2547 ep.
1417 2503 1502 2541 207,
1528 2505 1560 2536 3.
1586 2503 1658 2536 230

201 2551 256 2583 im
284 2550 372 2583 Ans.
408 2569 454 2574 -
489 2561 543 2582 Vl.
575 2550 622 2582 [d.
651 2551 858 2588 Decemhr„
892 2561 950 2581 am
976 2551 1009 2582 8.
1038 2549 1256 2583 December.
1291 2567 1335 2575 —
1368 2554 1656 2595 percontaretur.

200 2597 264 2631 Sic
275 2599 404 2645 Margo
417 2597 516 2631 Crat.
532 2602 889 2639 :perccmctaretur
914 2597 1042 2630 Lamb.
1070 2603 1283 2631 contaretur
1302 2597 1371 2632 Md.
1398 2599 1477 2631 Asc.
1506 2601 1537 2630 1.
1556 2597 1655 2630 Crat.

201 2646 297 2679 Vict.
327 2650 357 2679 1.
396 2645 532 2679 Graev.
568 2645 660 2678 Ern.
697 2644 783 2678 Sch.
820 2649 1053 2678 cunctaretur
1084 2645 1187 2681 Vict.
1214 2647 1247 2680 2.
1290 2645 1372 2680 Bos.
1400 2646 1495 2679 IJiin.
1523 2649 1655 2678 contra

202 2704 350 2727 omnem
367 2693 446 2727 Cic.
475 2692 789 2727 consuetudinem
818 2695 893 2726 ΟΒ.
920 2711 965 2716 -
993 2693 1126 2728 Patris.
1153 2693 1186 2729 S.
1207 2706 1263 2738 ep.
1293 2696 1375 2733 396,
1400 2696 1434 2728 ll.
1462 2711 1508 2717 —
1534 2705 1573 2725 cx
1599 2695 1655 2726 iis.

200 2741 273 2775 Md.
302 2741 383 2775 Asc.
413 2744 444 2775 1.
486 2740 588 2777 Crat.
619 2741 718 2777 vict.
749 2745 781 2776 1.
807 2742 871 2775 his.
906 2759 951 2765 —·
986 2754 1074 2787 quas
1100 2743 1150 2775 ad
1174 2747 1207 2776 te
1231 2744 1326 2776 misi.
1363 2742 1397 2776 S.
1427 2752 1485 2786 ep.
1513 2743 1594 2782 402,
1621 2742 1654 2775 2.

1750 3007 1756 3060 ff«
1750 2969 1754 2992 —
1750 2932 1755 2960 -<
1750 2840 1761 2917 *qe-
1750 2642 1759 2834 «vorm-wrm
