1795 3081
196 108 262 152 94
470 98 539 150 Μ.
577 100 628 149 T.
669 79 1011 149 CICERONIS
1047 83 1428 151 EPISTOLAE.

199 237 397 278 quaeres·²
427 227 481 261 ut
510 221 695 260 scribis:
727 234 808 276 ego
838 221 951 260 nihil
981 222 1099 260 novi.
1137 212 1668 276 Noseendalestt'natura,

197 294 287 319 non
316 279 507 318 facultas
537 276 681 316 modo.
739 277 807 315 De
829 277 1072 316 Hortensio
1094 282 1138 316 et
1158 276 1392 332 Virginio2
1416 283 1465 316 tu
1493 277 1532 315 si
1562 277 1670 330 quid

198 335 444 374 dubitabis:
487 333 585 382 etsi,
617 331 734 384 quod
763 333 901 387 magis
932 333 1119 385 placeat,
1163 345 1243 386 ego
1283 338 1491 384 quantum
1522 331 1669 385 adspi-

198 392 286 440 cio,
323 402 411 428 non
441 387 576 426 facile
614 388 848 426 inveneris.
909 387 1018 427 Cum
1060 387 1265 435 Mustela,
1304 386 1671 439 quemadmodum

198 445 374 495 scribis,
404 455 541 495 quum
568 444 744 482 venerit
773 443 966 494 Crispus.
1024 441 1091 481 Ad
1118 443 1279 481 Avium
1309 443 1483 494 scripsi,
1521 448 1571 482 ut
1601 456 1669 492 ea,

199 512 310 553 quae
347 500 459 538 bene
498 510 669 537 nossem
713 496 766 537 de
808 510 933 547 auro,
974 497 1121 536 Pisoni
1159 497 1494 536 demonstraret.
1563 496 1670 536 Tibi

200 557 317 594 enim
348 566 451 592 sane
480 554 713 603 assentior,
749 558 793 591 et
822 553 940 591 istud
969 554 1154 590 nimium
1193 551 1269 590 diu
1307 551 1410 590 duci
1446 558 1490 591 et
1519 554 1669 591 omnia

199 622 316 648 nunc
345 607 541 660 undique
573 603 886 647 contrahenda.
945 607 1011 647 Te
1042 607 1218 660 quidem
1253 607 1368 645 nihil
1407 620 1554 662 agere,
1600 609 1668 646 ni-

198 665 265 703 hil
295 665 494 719 cogitare
524 662 662 713 aliud,
692 664 778 701 nisi
808 661 925 714 quod
954 662 1009 701 ad
1040 676 1108 702 me
1138 664 1372 715 pertineat,
1404 663 1534 702 facile
1563 675 1666 715 per-

198 720 370 772 spicio:
414 719 609 771 meisque
648 719 838 773 negotiis
877 717 1085 770 impediri
1131 716 1418 770 cupiditatem
1454 723 1576 756 tuam
1612 716 1669 756 ad

198 788 268 814 me
295 773 518 813 veniendi.
577 772 665 813 Sed
693 786 865 811 mecum
895 786 986 812 esse
1016 779 1060 811 te
1089 778 1225 824 puto;
1257 785 1345 810 non
1374 772 1518 811 solum
1549 771 1668 825 quod

198 842 343 869 meam
373 842 467 868 rem
497 829 605 884 agis,
649 841 806 868 verum
844 830 978 867 etiam
1017 827 1133 879 quod
1171 825 1326 866 videre
1362 826 1536 877 videor,
1580 841 1667 879 quo

168 919 177 937 ·.
198 883 330 923 modo
362 897 477 940 agaS.
549 883 704 935 Neque
735 884 851 922 enim
880 884 972 921 ulla
1012 883 1125 921 hora
1160 883 1228 921 tui
1265 882 1377 920 mihi
1415 889 1480 921 est
1521 884 1668 935 operis

197 999 235 1020 u.
262 985 394 1019 Bosius
421 986 624 1030 suppliren
649 997 697 1018 zu
713 984 886 1029 facultas
911 984 1106 1032 richtiger
1129 987 1214 1018 auri
1235 984 1313 1017 und
1331 984 1511 1018 erklaren
1530 990 1668 1019 natura

198 1034 284 1067 auri
311 1034 436 1066 durch
462 1034 545 1066 auri
572 1034 747 1077 qualitas,
787 1033 977 1066 bonumne
1016 1044 1062 1065 an
1088 1032 1245 1072 malum,
1289 1044 1430 1077 purum
1466 1037 1602 1076 putum
1630 1039 1668 1067 et

200 1082 386 1125 obryzum
413 1093 459 1113 an
487 1087 731 1128 argentosum
755 1081 1003 1118 orichalcove
1027 1081 1263 1124 permixtum
1291 1081 1360 1121 sit3
1380 1081 1552 1125 facultas
1578 1081 1665 1114 auri

199 1130 289 1162 aber
314 1129 438 1161 durch
464 1130 675 1162 aestimatio
715 1141 848 1162 aureae
886 1133 1060 1162 monetae
1098 1129 1177 1162 sive
1216 1133 1392 1172 potestas,
1431 1128 1505 1163 wie
1541 1139 1577 1162 es
1611 1129 1666 1162 im

200 1177 292 1213 Cod.
328 1177 463 1210 lustin.
497 1177 735 1223 augedriickt
769 1176 882 1215 wird,
918 1176 951 1209 d.
981 1176 1003 1208 i.
1040 1176 1354 1212 Nennwerth,
1390 1195 1437 1201 —
1472 1188 1537 1221 ego
1571 1177 1670 1210 nihil

198 1228 300 1259 novi:
329 1236 398 1272 ego
427 1225 468 1257 iu
495 1224 715 1258 huiusmodi
742 1225 851 1258 rebus
878 1225 993 1269 plane
1011 1236 1094 1256 sum
1121 1224 1245 1265 rudis5
1274 1224 1400 1267 itaque
1426 1229 1469 1257 tu
1496 1226 1663 1268 quaereS.

199 1273 249 1307 So
279 1284 336 1317 ep.
364 1274 454 1307 453:
483 1286 546 1317 ego
573 1277 649 1306 ista
673 1286 744 1306 non
771 1276 864 1306 novi.
901 1292 946 1297 —
979 1275 1034 1306 De
1060 1273 1255 1306 Hortensio
1282 1278 1316 1306 et
1344 1272 1514 1317 Virginio
1553 1283 1665 1316 quae-

200 1332 274 1361 res,
301 1332 394 1353 num
422 1320 499 1353 viri
526 1320 615 1353 boni
642 1321 718 1353 siut
744 1325 781 1354 et
807 1332 898 1352 num
926 1320 969 1352 in
995 1331 1099 1358 auro,
1128 1320 1227 1364 quod
1247 1320 1374 1352 daturi
1396 1325 1494 1361 sunt,
1521 1320 1663 1353 vitium

200 1369 337 1401 timere
363 1368 559 1412 possimus.
590 1369 771 1401 MANUT.
808 1387 850 1392 —
889 1371 921 1401 si
947 1370 1037 1413 quid
1061 1370 1264 1407 dubitahz's3
1301 1379 1389 1400 nam
1418 1368 1554 1401 Cicero
1582 1368 1664 1412 ipse

200 1427 278 1449 non
311 1415 514 1448 admodum
554 1415 755 1448 dubitabat.
793 1433 835 1439 —
878 1417 974 1460 quod
1007 1416 1090 1458 (Sic
1124 1417 1218 1448 Man.
1257 1415 1384 1448 Lamb.
1426 1417 1516 1461 quid
1547 1415 1664 1456 Cett.)

198 1467 320 1509 magis
349 1466 511 1509 placeat,
546 1463 624 1496 und
662 1463 761 1496 doch
799 1463 990 1496 m'o'chtest
1028 1464 1087 1497 Du
1121 1464 1268 1497 meines
1301 1462 1514 1497 Erachtens
1552 1463 1664 1497 nicht

198 1511 324 1545 leicht
358 1511 679 1545 aunehmliehere
712 1511 997 1558 Bedingungen
1035 1511 1180 1552 finden,
1219 1512 1273 1543 als
1311 1511 1374 1544 die
1408 1511 1579 1559 ihrigen.
1615 1530 1664 1536 -

201 1562 291 1593 Cum
316 1560 472 1593 Mustela
498 1559 582 1592 scil.
608 1571 708 1607 ages,
743 1559 862 1601 „Was
888 1560 959 1591 mit
985 1559 1145 1592 Mustela
1169 1559 1429 1592 abzumachen
1464 1559 1523 1600 ist,
1561 1559 1663 1593 wird

200 1608 320 1647 wohl,
345 1608 419 1642 wie
446 1608 506 1640 Du
533 1607 732 1648 schreibst,
774 1608 841 1639 auf
864 1607 926 1640 die
953 1607 1128 1640 Ankunft
1164 1607 1227 1639 des
1256 1607 1410 1650 Crispus
1449 1613 1662 1654 ausgesetzt

200 1656 354 1690 bleiben
380 1657 571 1688 miisseuf‘
622 1654 809 1688 Manutius
844 1654 1068 1688 vermuthet
1101 1655 1174 1687 mit
1210 1654 1359 1695 Grund,
1395 1654 1474 1687 dass
1502 1655 1660 1689 Mustela

199 1716 237 1738 u.
253 1705 409 1748 Crispus
425 1704 488 1741 Mi
502 1708 515 1734 t
527 1716 545 1736 e
557 1703 605 1735 rb
619 1715 636 1736 e
649 1715 673 1736 n
693 1703 859 1737 Cicero’s
876 1702 934 1736 bei
954 1702 1060 1736 einer
1079 1702 1161 1735 ihm
1176 1702 1661 1749 zugefallenenErbsehast

200 1764 376 1800 gevvesen
413 1751 527 1784 seien.
571 1750 607 1785 S.
640 1750 686 1783 ad
710 1750 826 1785 Attio.
854 1750 958 1790 XIII,
985 1754 1017 1785 3.
1059 1750 1111 1788 (h,
1142 1750 1198 1783 ed.
1226 1753 1307 1787 586,
1337 1750 1385 1794 1).
1428 1751 1518 1784 Von
1551 1751 1662 1784 einer

200 1800 361 1834 solchen
378 1798 584 1832 Erbschaft
602 1799 651 1831 ist
669 1799 729 1832 die
747 1798 848 1832 Rede
870 1809 926 1843 ep.
950 1798 1184 1839 CCCCVIII,
1205 1801 1236 1833 3.
1267 1797 1454 1832 CCCCIX.
1483 1798 1660 1832 CCCCXI

199 1861 234 1883 u.
262 1861 289 1883 s,
316 1860 365 1882 W.
404 1866 450 1871 —
491 1848 552 1880 Ad
574 1848 713 1881 Avium.
760 1846 836 1882 Sic.
873 1847 937 1880 Cd.
973 1846 1136 1879 Crusell.
1174 1851 1208 1879 et
1235 1846 1391 1879 Decurt.
1428 1845 1583 1887 Bened.,
1618 1851 1661 1879 ut

198 1896 301 1929 Libr.
329 1895 432 1937 XIII,
461 1897 506 1929 1'4
532 1900 619 1928 ante
647 1894 735 1930 Sch.
760 1896 895 1928 Aulum
922 1894 1017 1927 Cett.
1048 1905 1135 1927 cum
1161 1894 1233 1928 Md„
1261 1900 1296 1928 et
1322 1893 1485 1928 asseclis.
1549 1894 1661 1942 Cogi·

198 1945 274 1977 tari
303 1949 428 1976 tamen
455 1947 577 1987 potest
606 1943 650 1976 de
676 1945 721 1977 A.
750 1944 855 1984 Silio,
885 1942 991 1975 cuius
1018 1953 1160 1976 nomen
1200 1942 1239 1974 in
1273 1952 1375 1985 seqq.
1404 1942 1526 1985 Epist.
1553 1943 1658 1976 varie

200 1997 429 2036 corruptum
457 1996 511 2024 est
536 1991 577 2022 in
605 1991 694 2025 Cdd.
723 1992 912 2026 ORELLI.
950 1991 1071 2030 „Dem
1106 1990 1223 2023 Aulus
1255 1989 1340 2022 hab’
1373 1988 1435 2022 ich
1463 1990 1658 2037 geschrie·

197 2040 284 2078 ben,
313 2050 355 2073 er
381 2039 533 2072 mbchte
567 2039 711 2074 seinem
740 2039 930 2079 Freunde‚
968 2038 1051 2071 dem
1079 2038 1346 2071 Goldh'eindler
1370 2039 1466 2079 Piso,
1493 2038 1660 2084 begreif·

198 2088 280 2120 lich
307 2086 486 2127 macheu,
515 2086 579 2118 ich
604 2087 714 2121 wisse
741 2087 853 2120 recht
879 2092 957 2134 gut,
983 2086 1057 2119 wie
1084 2085 1165 2126 sich
1193 2085 1255 2118 das
1276 2085 1401 2118 Silber
1427 2097 1515 2118 zum
1534 2086 1658 2119 Golde

198 2135 416 2170 verhalteAE‘
449 2135 574 2168 Ueber
599 2135 680 2168 Piso
708 2148 734 2168 s.
762 2135 808 2167 ad
838 2135 949 2169 Attio.
976 2134 1076 2175 XIII,
1103 2135 1125 2167 2
1152 2133 1204 2175 (h.
1234 2134 1290 2169 ed.
1318 2135 1399 2175 535,
1428 2135 1463 2178 1)
1490 2146 1525 2166 u.
1553 2134 1658 2175 XIII,

197 2187 220 2218 ll
245 2183 299 2224 (h.
329 2183 386 2216 ed.
413 2183 496 2223 595,
522 2185 574 2223 2).
615 2183 705 2217 Ueb.
732 2184 889 2217 Mustela
915 2195 941 2216 s.
970 2194 1026 2226 ep.
1055 2184 1134 2216 57⁷4.
1171 2184 1260 2223 5865
1299 2182 1391 2214 iiber
1416 2181 1549 2220 Aulus,
1584 2182 1659 2215 den

196 2233 426 2265 Procurator
452 2230 514 2263 des
542 2230 636 2271 Piso,
665 2243 721 2275 ep.
749 2233 830 2267 595.
859 2249 901 2255 -
936 2232 1018 2264 Tibi
1043 2234 1136 2264 enim
1162 2243 1245 2264 seme
1272 2232 1449 2263 assentior
1483 2233 1658 2271 (assentio

194 2279 285 2313 Ben.
322 2278 459 2312 Graev.
492 2278 587 2311 Ern.
627 2278 713 2312 sch.
748 2280 845 2312 Liin.
881 2284 1013 2312 contra
1038 2278 1185 2311 Priores
1220 2283 1255 2311 et
1282 2277 1352 2312 Md.
1381 2277 1496 2311 Oxon.
1531 2281 1561 2312 1.
1591 2279 1657 2319 2.),

195 2332 231 2361 et
257 2328 357 2361 istud
379 2329 532 2359 nimium
558 2327 622 2360 diu
647 2329 794 2361 duci:
815 2326 991 2372 produci,
1009 2325 1123 2367 trahi,
1152 2325 1283 2367 „deun
1304 2326 1369 2358 ich
1389 2325 1456 2358 bin
1476 2325 1658 2373 g'zinzlich

194 2375 341 2409 Deiner
365 2374 561 2422 Meinung,
598 2375 678 2408 dass
717 2376 825 2409 einer
850 2375 945 2409 Seits
979 2374 1073 2407 diess
1101 2374 1282 2407 Geschfift
1317 2373 1394 2406 viel
1426 2385 1474 2406 zu
1500 2373 1590 2407 sehr
1615 2373 1657 2405 in

195 2423 255 2457 die
281 2424 412 2470 Lange
440 2434 613 2477 gezogen
639 2423 779 2457 wird.“
820 2423 894 2457 bes.
924 2422 1046 2456 durch
1072 2422 1184 2455 Piso‘s
1211 2421 1369 2462 Schuld,
1409 2421 1478 2455 der
1503 2434 1550 2454 zu
1576 2420 1658 2454 viel

193 2471 313 2504 Profit
348 2471 454 2504 dabex
490 2471 652 2504 macheu
687 2472 833 2505 wollte.
874 2491 921 2496 —
959 2471 1202 2504 contrahenda
1228 2470 1250 2504 i.
1280 2481 1308 2503 e.
1346 2480 1476 2503 omnes
1504 2480 1654 2508 numos,

195 2530 359 2562 quorum
386 2518 546 2552 facultas
574 2519 696 2561 detur,
734 2520 905 2563 undique
939 2531 1049 2563 quam
1078 2518 1163 2552 fieri
1187 2518 1305 2563 possit
1333 2517 1536 2550 celerrime
1564 2527 1654 2550 con-

193 2566 411 2608 trahendos,
438 2566 543 2609 „und
570 2566 650 2600 dass
676 2567 819 2600 andrer
844 2568 942 2602 Seits
964 2566 1101 2601 Niehts
1128 2566 1403 2613 driugenderes
1428 2565 1487 2604 ist,
1505 2564 1559 2597 als
1577 2574 1655 2597 von

193 2614 299 2648 allen
331 2614 464 2649 Seiten
497 2625 535 2648 so
571 2615 649 2648 viel
683 2615 809 2649 baares
843 2615 955 2656 Geld,
1000 2615 1075 2649 wie
1113 2614 1303 2661 miiglich,
1350 2623 1571 2646 zusammen
1606 2624 1654 2644 zu

189 2662 373 2710 vbriugen.
407 2682 454 2687 —
487 2676 597 2709 neque
614 2666 827 2709 ...ignota,
861 2663 963 2707 quod
991 2663 1138 2696 Atticus
1173 2661 1316 2695 crebris
1351 2660 1397 2693 ad
1424 2660 1654 2693 Ciceronem

193 2711 367 2755 epistolis
387 2711 625 2758 ‘significare
659 2711 812 2750 solebat,
849 2723 923 2756 quo
951 2711 1026 2753 die,
1054 2722 1128 2755 qua
1153 2709 1247 2743 hora
1275 2709 1350 2743 hoc
1376 2708 1441 2742 vel
1468 2707 1568 2741 illud
1594 2707 1654 2741 Ci-

192 2758 345 2792 ceronis
372 2758 568 2807 negotium
594 2763 746 2794 acturus
775 2765 879 2795 esset.
1007 2758 1011 2762 ’
1034 2756 1038 2760 ’
