1795 3081
509 112 829 162 EPJOTOLA
872 112 1171 160 CCCCXLI.
1506 119 1568 164 77

97 234 320 275 'videntum
380 233 463 281 Tu,
495 233 600 287 quid
631 234 688 273 sis
719 239 897 272 acturus
928 240 971 273 ct
1001 233 1107 286 quid
1139 235 1219 274 tibi
1248 235 1436 288 placeat,
1467 249 1567 289 per-

98 297 273 341 gratum
303 291 404 339 crit,
434 292 471 329 si
500 289 555 330 ad
584 302 652 328 mc
683 290 928 342 scripseris.

230 415 556 466 EPISTOLA
594 416 896 464 CCCCXLI.
968 414 1047 475 (ad
1083 416 1186 464 Att.
1221 417 1328 464 XII.
1365 417 1432 476 1.)

235 505 317 540 scr.
345 506 384 539 in
410 505 502 539 vina
528 506 632 540 v111.
661 506 743 541 Kal.
772 506 856 539 lun.
885 504 928 538 A.
956 505 1001 538 U.
1029 503 1070 538 c.
1098 506 1180 540 708.
1209 506 1256 546 (a.
1286 506 1326 540 c.
1354 506 1432 548 46.)
1460 505 1461 508 ’

97 577 260 611 Nuntiat
285 589 323 612 sc
350 577 396 611 ad
423 576 671 611 constitutum
697 577 739 610 V.
758 577 841 610 Kal.
861 587 946 609 cum
967 576 1094 610 Attico
1121 586 1429 625 congressurum.
1458 578 1561 613 1—2.

596 648 775 684 CICERO
802 649 982 684 ATTICO
1008 647 1044 683 S.

203 719 445 761 Undecimo
477 720 563 772 die,
599 728 830 774 postquam
860 735 884 760 a
918 727 961 760 te
992 719 1293 773 discesseram,
1337 720 1423 761 hoc
1461 722 1562 762 lite-

95 777 295 816 rularum
327 778 523 828 exaravi,
555 776 785 832 egrediens
816 791 839 817 e
867 777 978 816 villa
1006 783 1107 816 ante
1137 776 1305 816 lucem:
1348 783 1478 830 atque
1509 790 1561 817 eo

93 832 164 872 die
195 833 444 887 cogitabam
473 833 519 871 in
542 832 790 888 Anagnino,
820 839 998 885 postero
1030 837 1175 870 autem
1205 833 1252 870 in
1281 831 1561 880 Tusculano,

92 889 155 926 ibi
184 901 320 926 unum
351 887 479 928 diem.
525 900 566 927 v.
597 887 782 928 Kalend.
813 889 953 944 igitur
982 886 1038 925 ad
1069 889 1372 926 constitutum.
1418 888 1561 940 Atque

91 944 262 981 utinam
292 944 503 983 continuo
534 942 590 982 ad
629 945 905 996 complexum
945 955 1067 982 meae
1105 942 1300 993 Tulliae,
1339 943 1394 982 ad
1433 957 1562 982 oscu-

91 999 183 1038 lum
213 998 386 1038 Atticae
415 1000 578 1051 possim
609 1002 819 1038 currere!
877 997 1005 1050 Quod
1036 997 1213 1050 quidem
1242 1000 1387 1051 ipsum
1417 999 1561 1038 scribe

92 1067 253 1107 quaeso
284 1053 338 1092 ad
367 1067 464 1103 n1e3
511 1060 575 1106 ut,
625 1053 727 1093 dum
776 1056 969 1094 consisto
1011 1054 1059 1092 in
1099 1053 1370 1106 Tusculano,
1409 1055 1560 1104 sciam,

92 1108 198 1162 quid
228 1111 426 1164 garriat:
471 1110 539 1148 sin
577 1112 837 1161 rusticatur,
877 1107 982 1162 quid
1019 1110 1188 1148 scribat
1223 1108 1278 1149 ad
1320 1115 1388 1150 te:
1431 1111 1560 1162 eique

92 1166 262 1203 interea
299 1171 376 1204 aut
412 1165 578 1204 scribes
617 1166 802 1205 salutem
841 1172 920 1204 aut
957 1165 1198 1216 nuntiabis,
1255 1166 1449 1218 itemque
1488 1165 1560 1203 Pi-

92 1221 190 1259 liae.
250 1220 303 1259 Et
331 1226 492 1269 tamen,
524 1222 606 1259 etsi
637 1223 847 1260 continuo
879 1221 1161 1276 congressuri
1190 1233 1354 1271 sumus,
1393 1220 1559 1260 scribes

92 1274 146 1314 ad
176 1288 259 1325 me,
299 1275 337 1314 si
377 1274 484 1327 quid
519 1275 715 1316 habebis,
776 1276 921 1329 Quum
963 1276 1277 1328 complicarem
1312 1276 1427 1315 hanc
1467 1269 1601 1329 epi-2

91 1331 265 1380 stolam,
296 1330 630 1373 noctuabundus
660 1330 716 1371 ad
743 1346 813 1372 me
851 1333 975 1372 venit
1015 1344 1115 1370 cum
1161 1332 1349 1384 epistola
1387 1337 1464 1371 tua
1494 1337 1560 1371 ta-

92 1454 131 1477 so
160 1443 286 1476 moine
314 1442 476 1476 Ansicht
500 1454 547 1475 Ξ
572 1444 667 1477 haec
688 1445 856 1489 placent.
884 1445 1068 1479 Formula
1095 1445 1366 1479 conclusionis.
1390 1465 1431 1471 —
1455 1452 1559 1480 actae-

93 1503 166 1532 rus,
195 1490 527 1535 La1nl›.facturus.

191 1555 221 1585 1.
277 1551 469 1584 Undecimo
496 1552 562 1584 die.
603 1551 788 1593 Quoniam
814 1551 908 1586 haec
934 1552 1095 1597 epistola
1122 1553 1265 1597 scripta
1292 1558 1346 1587 est
1368 1566 1448 1587 vm.
1472 1555 1554 1588 Kal.

93 1599 207 1639 lunii,
236 1599 267 1631 si
295 1604 398 1632 retro
426 1610 602 1633 numeres
629 1599 808 1633 undecim
838 1600 930 1640 dies,
971 1600 1110 1634 Cicero
1137 1600 1255 1634 Roma
1283 1601 1429 1635 exierat
1455 1603 1554 1647 prid.

92 1647 146 1680 ld.
174 1647 278 1679 Maii.
310 1647 413 1679 SCH.
439 1664 486 1670 -—-
512 1648 577 1680 hoc
602 1649 699 1680 liter.
726 1647 760 1681 S.
789 1648 939 1681 Ramsh.
968 1650 996 1692 §.
1026 1651 1107 1688 10⁷4,
1135 1651 1170 1690 4,
1197 1651 1230 1683 2.
1267 1649 1416 1684 Grotef.
1431 1651 1456 1693 ζ)
1472 1652 1554 1687 231.

91 1714 136 1719 ——
162 1708 178 1728 e
202 1697 293 1727 villa
318 1695 481 1736 Antiati,
507 1700 550 1727 ut
575 1695 739 1728 videtur.
771 1696 872 1729 SCH.
912 1715 953 1721 -—
988 1700 1027 1730 in
1052 1700 1266 1743 Ancegm'nO,
1299 1699 1366 1730 auf
1389 1699 1554 1733 meinem

92 1744 191 1776 Gute
217 1743 277 1776 bei
302 1742 490 1789 Anagnia,
525 1743 633 1776 einer
658 1743 817 1778 kleinen
844 1743 951 1777 stadt
987 1744 1056 1779 der
1080 1745 1244 1778 Hernici
1270 1745 1326 1778 im
1351 1746 1455 1781 alten
1482 1748 1554 1781 La-

90 1792 200 1829 tium,
233 1791 426 1836 ung-efahr
462 1790 569 1823 sechs
601 1792 794 1825 Deutsche
826 1791 971 1826 Meilen
1010 1804 1087 1826 von
1122 1793 1227 1827 Rom.
1264 1813 1311 1818 —
1357 1795 1409 1828 ibi
1443 1808 1554 1830 unum

92 1841 196 1878 diem,
223 1838 310 1871 hier
337 1838 500 1885 gedenk’
535 1838 599 1871 ich
636 1840 747 1873 einen
772 1840 854 1888 Tag·
888 1852 936 1872 zu
969 1840 1131 1875 bleiben.
1191 1844 1253 1876 uhi
1278 1841 1368 1877 sz.
1394 1842 1552 1888 Malasp.

91 1887 218 1920 Lainb.
251 1905 298 1911 -—
335 1898 372 1919 V.
399 1888 548 1920 Kalend,
587 1890 710 1932 igitur·
746 1889 797 1921 ad
820 1892 1072 1929 constitutum,
1105 1890 1212 1931 „und
1238 1890 1316 1923 also
1342 1891 1463 1924 werd’
1488 1891 1553 1925 ich

90 1936 274 1981 verino'ge
302 1946 460 1968 unserer
485 1936 765 1984 Verabredung
799 1948 858 1970 ani
896 1939 953 1972 27.
991 1937 1067 1970 Mai
1101 1949 1148 1969 zu
1184 1938 1270 1970 dem
1308 1937 1551 1973 bestimmten

90 1983 179 2016 Orte
205 1994 364 2015 unserer
388 1984 731 2017 Zusammenkunft
756 1984 971 2032 abgehen.“
1016 1985 1294 2019 Verxnuthlich
1320 1998 1402 2021 war
1427 1987 1553 2021 dieser

89 2032 157 2063 Ort
182 2031 246 2064 ein
271 2029 390 2063 n'a‘her
414 2030 473 2064 bei
501 2031 594 2064 Rom
622 2033 834 2080 gelegener
860 2032 1038 2066 Landsitz
1066 2033 1129 2067 des
1155 2034 1323 2066 Attikus.
1375 2034 1416 2068 Si
1442 2040 1550 2070 retro

89 2079 168 2111 dies
204 2090 392 2117 numeres,
437 2078 571 2112 Cicero
612 2091 631 2113 e
669 2081 765 2114 villa
799 2081 839 2113 in
873 2081 1121 2127 Anagninum
1151 2082 1348 2126 profectus
1382 2087 1438 2116 est
1469 2095 1549 2117 vm.

90 2127 172 2159 Kal.
203 2127 306 2167 Iun.;
346 2138 412 2160 v11.
454 2127 537 2160 Kal.
576 2128 684 2161 venit
715 2129 755 2161 in
792 2129 1062 2171 Tusculanum,
1099 2129 1164 2162 ubi
1190 2130 1328 2162 mansit
1362 2141 1413 2164 v1.
1443 2131 1550 2173 Kal.;

89 2180 125 2207 et
151 2187 186 2207 v.
221 2174 304 2207 Kal.
344 2174 445 2206 Iunii
486 2180 566 2208 erat
600 2175 647 2208 ad
682 2177 931 2211 constitutum
971 2188 1059 2210 cum
1095 2177 1223 2211 Attico
1263 2188 1549 2224 congressurus,

87 2223 189 2255 SCH.
248 2222 299 2255 ad
332 2225 585 2264 constitutum,
617 2234 665 2255 =
700 2237 748 2258 zu
774 2236 934 2258 unser-er
965 2225 1238 2274 Bestinnnung‚
1279 2227 1552 2270 complectitur

87 2271 230 2311 locum,
257 2275 419 2314 tempus,
447 2272 646 2316 negotium
674 2273 892 2317 diciturque
918 2273 964 2307 de
990 2273 1049 2315 iis,
1085 2274 1190 2307 inter
1223 2284 1316 2318 quos
1353 2275 1549 2318 convenit,

87 2323 127 2351 ut
156 2323 258 2351 certo
287 2318 384 2360 loco,
412 2325 517 2352 certo
552 2325 738 2365 tempore,
774 2321 872 2355 certi
906 2321 1054 2368 negotii
1091 2333 1198 2355 causa
1234 2322 1548 2371 congrediantur.

89 2366 300 2399 GRONOV.
326 2385 374 2391 —
399 2368 771 2403 Tallicce...Atticae.
822 2371 993 2412 Utraque
1021 2369 1124 2403 enim
1150 2369 1319 2402 Atticum
1345 2370 1391 2403 ad
1417 2371 1547 2404 locum

87 2414 336 2447 constitutum
374 2415 553 2448 comitata
590 2427 666 2450 esse
702 2417 868 2451 videtur.
913 2418 1012 2450 SCH.
1051 2437 1097 2442 —
1135 2420 1220 2451 dum
1247 2420 1403 2451 consisto
1430 2420 1468 2451 in
1495 2421 1546 2461 T„

86 2461 270 2495 w'a'lirend
296 2463 439 2495 meinos
465 2463 656 2511 Rasttages
683 2467 750 2498 aus
771 2466 854 2499 (lem
878 2466 1104 2500 Tusculano.
1132 2485 1179 2491 ——-
1203 2470 1354 2511 garriat
1379 2467 1547 2500 Atticula

5 2528 11 2551 h
86 2510 219 2543 festiva
246 2510 388 2553 puella.
411 2530 457 2535 —
478 2514 536 2545 siu
562 2517 778 2555 rusticatur,
806 2514 836 2546 si
864 2513 939 2546 iam
965 2514 1084 2547 filiola
1112 2518 1177 2547 tua
1202 2514 1247 2547 ad
1274 2514 1382 2546 illam
1410 2515 1545 2548 villam

84 2558 230 2591 abierit.
261 2559 360 2590 SCH.
390 2577 436 2582 —
470 2559 539 2592 Die
576 2561 708 2595 kleine
734 2561 877 2602 Attika,
911 2574 976 2594 um
1003 2562 1104 2595 diese
1133 2563 1220 2595 Zeit
1254 2564 1276 2597 7
1302 2562 1358 2594 bis
1385 2565 1407 2597 8
1432 2563 1546 2597 Iahre

83 2605 149 2643 alt,
176 2606 236 2638 oin
264 2605 462 2643 lebhaftes‚
489 2608 740 2652 geistreichcs
766 2609 878 2647 Kind,
917 2622 998 2644 war
1032 2610 1145 2643 nicht
1177 2610 1354 2656 weniger
1379 2609 1545 2645 Cicero's

84 2654 136 2686 als
164 2652 265 2686 ihres
293 2654 422 2687 Vaters
451 2655 642 2705 Licbling.
679 2676 725 2682 —
762 2659 904 2699 scribes,
941 2658 971 2691 si
998 2659 1228 2699 rusticatur3
1271 2660 1474 2699 nuntiabis,
1513 2660 1545 2692 si

82 2707 208 2735 tecum
240 2702 276 2734 in
304 2701 397 2735 urbe
424 2708 489 2735 est.
515 2722 561 2727 —
588 2707 717 2747 Piliae,
744 2705 862 2738 Attici
891 2706 1010 2739 uxori.

175 2752 207 2783 2.
260 2752 549 2794 noctuabmzdus,
589 2754 657 2788 der
694 2754 756 2787 die
793 2765 912 2802 ganze
939 2753 1065 2787 Nacht
1101 2754 1278 2801 golaufen
1313 2765 1405 2788 war.
1466 2754 1543 2787 Ein
