1795 3081
591 73 915 124 EPISTOLA
949 75 1056 123 DL.
1449 78 1544 125 275

311 194 627 246 EPISTOLA
663 194 771 242 DL.
809 194 892 254 (ad
926 196 1030 245 Att.
1066 196 1173 246 XII.
1211 196 1316 256 32.)

208 284 290 319 Ser.
318 285 478 318 Asturae
505 288 668 318 exeunte
695 284 831 317 Martio
858 283 900 317 A.
928 284 973 318 U.
1002 283 1042 318 c.
1069 287 1152 322 709.
1188 284 1235 330 (a.
1264 286 1304 319 C.
1331 285 1408 327 45.)

77 356 133 390 De
167 367 372 405 congressu
406 367 491 389 cum
517 354 683 388 Publilia
720 354 875 399 eiusque
914 360 1039 389 matre
1079 360 1116 389 et
1148 358 1263 391 fratre
1298 355 1464 391 vitando.
1504 358 1536 391 1,

127 404 172 438 de
197 405 361 449 pecunia
383 402 563 438 Ciceroni
590 403 671 436 filio
697 403 1026 450 peregrinationis
1046 414 1155 438 causa
1173 405 1427 440 attribuenda.
1455 405 1489 439 2.

567 461 745 496 CICERO
785 462 966 497 ATTICO
1003 462 1040 498 S.

186 537 380 575 Publilia
410 534 464 575 ad
493 548 563 574 me
593 536 772 587 scripsit
807 540 993 575 matrem
1023 548 1145 574 suam
1173 557 1229 564 —
1258 549 1356 576 curn
1385 537 1540 576 Publi-

77 592 139 631 lio
170 592 295 644 loqui
325 597 452 630 retur
478 611 536 617 —
564 589 618 629 ad
649 603 716 629 me
748 603 846 628 cum
876 591 957 629 illo
998 597 1232 630 venturam
1271 599 1314 631 et
1353 606 1398 633 se.
1435 605 1538 642 una,

76 649 114 685 si
145 660 224 702 ego
255 653 455 699 paterer:
500 652 600 684 orat
628 645 778 684 multis
809 652 852 684 et
881 646 1153 698 supplicibus
1193 647 1360 698 verbis,
1404 653 1453 686 ut
1484 649 1537 685 li-

78 708 174 741 ceat
203 707 246 741 et
274 708 324 741 ut
352 701 437 740 sibi
467 701 721 740 rescribam.
780 700 865 740 Res
903 714 1032 753 quam
1068 702 1254 740 molesta
1291 704 1362 752 sit,
1399 702 1536 742 vides.

77 757 300 809 Rescripsi
341 769 408 795 me
451 757 583 795 etiam
631 757 812 811 gravius
856 769 947 795 esse
986 758 1208 807 affectum,
1257 771 1386 809 quam
1428 763 1537 808 tum,

77 826 213 865 quum·
239 812 308 850 illi
339 811 543 850 dixissem
573 825 641 850 me
671 812 813 850 solum
844 824 933 850 esse
962 812 1100 859 velle3
1142 825 1278 864 quare
1320 813 1439 852 nolle
1469 826 1539 851 me

76 867 160 905 hoc
191 873 388 919 tempore
417 879 511 905 eam
542 865 596 904 ad
641 879 708 905 me
744 868 912 905 venire.
971 866 1197 918 Putabam,
1237 869 1274 906 si
1315 868 1426 906 nihil
1465 881 1534 907 re-

77 923 363 974 scripsissem,
396 922 519 960 illam
550 935 648 959 cum
678 928 820 961 matre
848 927 1106 961 venturam:
1150 936 1265 962 nune
1296 937 1382 961 non
1413 929 1535 975 puto,

76 977 330 1030 Apparebat
350 978 478 1026 enim,
510 977 609 1015 illas
635 977 788 1016 literas
812 990 899 1015 non
921 990 1012 1016 esse
1032 978 1181 1029 ipsius.
1240 978 1357 1016 Illud
1376 984 1537 1030 autem,

79 1031 196 1084 quod
225 1034 321 1071 fore
350 1030 497 1082 video,
530 1033 672 1084 ipsum
708 1032 813 1071 volo
849 1034 1008 1081 vitare,
1047 1045 1100 1071 ne
1129 1033 1234 1073 illae
1273 1033 1327 1072 ad
1367 1047 1434 1072 me
1463 1047 1538 1072 ve·-

78 1089 214 1126 niant.
272 1087 325 1125 Et
360 1099 447 1124 una
489 1093 554 1125 est
591 1088 767 1138 vitatio,
810 1093 860 1125 ut
900 1099 979 1142 ego
1016 1088 1169 1126 nolim.
1239 1087 1326 1127 Sed
1364 1101 1540 1127 necesse

79 1148 155 1181 est.
216 1141 281 1180 Te
311 1141 395 1179 hoc
425 1154 540 1179 nunc
570 1154 696 1196 rogo,
725 1148 776 1180 ut
805 1142 1022 1194 exploreS,
1063 1141 1117 1181 ad
1151 1156 1281 1195 quam
1321 1143 1436 1182 diem
1466 1143 1539 1181 hic

77 1199 140 1236 ita
170 1198 330 1249 possim
361 1210 466 1247 esse,
497 1203 546 1235 ut
576 1210 629 1235 ne
661 1198 899 1249 opprimar
966 1197 1094 1252 AgeS‚
1133 1204 1183 1237 ut
1212 1199 1385 1249 scribis,
1430 1205 1538 1237 tem-

77 1259 241 1305 perate.
303 1252 508 1291 Ciceroni
537 1252 672 1290 velim
702 1252 786 1290 hoc
815 1264 1049 1305 proponas,
1082 1254 1145 1291 ita
1172 1259 1332 1303 tamen,
1376 1255 1412 1292 si
1454 1254 1579 1294 tibi-2

1 1332 35 1363 ¹-
78 1320 166 1346 non
204 1308 406 1360 iniquum
446 1305 687 1357 videbitur,
727 1313 777 1346 ut
812 1315 1009 1360 sumptus
1049 1308 1179 1346 huius
1213 1310 1538 1364 peregrinatio-

173 1424 204 1455 1.
257 1420 431 1461 Publilia,
472 1421 532 1454 die
568 1432 664 1455 neue
700 1421 907 1455 Gemahlin
935 1422 1116 1464 Cicero's,
1153 1422 1222 1457 der
1256 1423 1338 1457 sich
1372 1435 1447 1458 von
1476 1424 1542 1459 ihr

79 1480 127 1500 zu
160 1469 344 1502 scheiden
380 1468 579 1515 gedachte.
612 1488 659 1494 ——-
698 1483 808 1510 „cum
836 1471 993 1504 Publilio
1020 1472 1155 1509 (fratre
1182 1474 1267 1511 suo)
1301 1475 1402 1518 loqui
1426 1479 1540 1515 retur,

80 1516 133 1549 sie
159 1516 293 1556 meint,
328 1516 381 1549 sie
406 1515 500 1550 habe
538 1518 651 1550 einen
678 1518 866 1551 Publilius
900 1529 972 1551 vor
1005 1517 1129 1551 sich.“
1178 1519 1329 1559 Schiitz,
1357 1521 1541 1555 Liinem.:

79 1569 235 1597 matrem
260 1576 364 1597 suam
390 1575 469 1597 cum
497 1565 654 1598 Publilio
689 1567 738 1598 ad
760 1578 814 1598 me
839 1571 1039 1600 venturam.
1073 1567 1166 1600 Ueb.
1196 1567 1384 1600 Publilius
1422 1581 1447 1601 s.
1484 1581 1544 1613 ep.

80 1614 147 1647 533
174 1624 232 1644 am
259 1612 379 1645 Ende.
407 1630 451 1637 —
478 1615 545 1646 Res
570 1625 676 1658 quam
701 1616 787 1647 mol.
814 1616 889 1654 sit„
927 1614 1003 1648 wie
1030 1615 1308 1648 verdriesslich
1334 1616 1412 1648 mir
1438 1616 1541 1651 diese

80 1659 424 1706 Zudringlichkeit
450 1660 530 1693 sein
557 1672 669 1693 muss.
706 1679 753 1686 —
788 1665 941 1706 gravius
968 1675 1037 1696 esse
1064 1662 1141 1707 aff„
1169 1663 1249 1696 dass
1276 1663 1340 1697 ich
1366 1663 1473 1697 mich
1499 1665 1542 1698 in

82 1708 191 1740 einer
217 1706 318 1740 noch
344 1707 626 1753 gedriickteren
654 1708 1065 1756 Gemiithsverfassung
1092 1710 1260 1744 bef‘rinde.
1301 1730 1339 1736 —
1377 1725 1448 1744 non
1476 1725 1547 1746 esse

80 1757 197 1798 ipsius
223 1754 422 1795 Publiliae,
449 1756 513 1789 sed
538 1755 683 1796 matris,
719 1769 814 1801 quae
850 1768 907 1791 eas
936 1759 1043 1802 quasi
1071 1759 1228 1792 nomine
1254 1758 1359 1792 filiae
1385 1760 1547 1804 scripse-

81 1807 151 1836 rat.
179 1803 280 1836 SCH.
308 1820 354 1826 —
382 1805 477 1848 quod
488 1803 577 1847 fore
602 1806 714 1846 video,
742 1816 820 1838 was
835 1804 935 1838 doch
955 1806 1062 1839 wohl
1089 1806 1183 1839 iiber
1209 1807 1303 1852 lang
1329 1806 1422 1840 oder
1447 1807 1546 1840 kurz

82 1849 301 1897 geschehen
335 1851 483 1892 diirfte3
528 1852 580 1884 im
610 1852 846 1899 Gegensatze
879 1864 954 1886 von
989 1866 1085 1887 nunc
1111 1859 1312 1887 venturam
1344 1867 1416 1888 non
1439 1861 1543 1900 puto.

81 1915 127 1922 —
153 1910 195 1930 ne
221 1900 319 1935 illae,
344 1898 431 1932 Sch.
460 1900 556 1932 Liin.
583 1913 625 1933 ηε
653 1902 714 1932 illi
740 1900 763 1932 i.
792 1911 821 1933 e.
850 1901 1035 1934 Publilius
1070 1900 1223 1944 eiusque
1260 1907 1392 1936 mater.
1417 1922 1465 1928 ——
1490 1907 1547 1937 υἰ-

81 1947 191 1986 tatio,
219 1946 301 1987 Art,
338 1945 389 1980 sie
414 1947 490 1979 mir
524 1958 612 1980 vom
640 1946 755 1981 Leibe
794 1959 841 1979 zu
872 1947 1018 1983 halten.
1057 1968 1102 1974 —-
1142 1954 1182 1981 zet
1207 1962 1270 1994 ego
1296 1953 1424 1993 nolim,
1461 1951 1542 1985 dass

82 1991 145 2025 ich
172 1993 224 2026 sie
250 1993 362 2026 nicht
388 1993 503 2027 sehen
539 2006 637 2042 mag,
679 1995 758 2028 dass
795 1994 860 2027 ich
890 1996 1011 2030 ihnen
1044 2008 1108 2030 aus
1144 1995 1228 2030 dem
1263 1997 1390 2046 Wege
1429 1999 1541 2046 gehe‚

83 2040 118 2073 d.
147 2040 170 2073 i.
200 2041 281 2073 dass
308 2040 383 2081 ich,
417 2053 532 2075 wenn
560 2042 612 2076 sie
640 2042 741 2075 nach
766 2043 903 2077 Astura
938 2044 1123 2078 kommen
1156 2045 1308 2087 sollten‚
1347 2046 1457 2079 nicht
1496 2047 1541 2081 da

83 2088 159 2120 bin.
211 2089 305 2121 Liin.
334 2089 435 2122 lies't
461 2088 631 2123 desshalb
667 2091 736 2122 mit
763 2090 849 2124 Sch.
877 2093 1004 2126 absim.
1036 2111 1083 2117 -
1123 2092 1193 2126 Sed
1215 2105 1350 2127 necesse
1376 2100 1428 2128 est
1455 2094 1478 2130 i.
1507 2107 1539 2128 e.

85 2147 126 2168 ac
153 2136 276 2168 nolim
304 2136 458 2179 quidem
485 2136 579 2170 hinc
607 2138 814 2179 discedere,
841 2139 905 2172 sed
930 2151 1082 2174 necesse
1109 2145 1173 2174 est.
1200 2141 1261 2174 sed
1284 2151 1328 2170 t:
1356 2142 1402 2174 ia.
1423 2161 1465 2167 —
1493 2144 1545 2176 ad

85 2195 194 2228 quam
219 2184 324 2223 diem,
350 2184 404 2216 bis
429 2186 496 2218 auf
517 2185 692 2219 welchen
720 2186 811 2232 Tag.
851 2206 893 2211 —
930 2193 969 2220 ut
994 2201 1036 2222 ne
1063 2191 1251 2232 opprimar
1276 2189 1319 2222 ab
1344 2188 1438 2229 illis,
1477 2203 1543 2224 um

84 2231 193 2264 nicht
218 2243 294 2265 von
320 2230 439 2265 ihnen
468 2233 681 2267 iiberfallen
708 2246 754 2266 zu
780 2235 949 2268 werden.

178 2280 210 2312 2.
263 2281 427 2313 Ciceroni
451 2279 546 2322 filio,
574 2280 740 2314 Athenas
766 2284 1000 2325 profecturo.
1028 2283 1112 2317 vid.
1140 2294 1197 2327 ep.
1225 2285 1308 2324 5215,
1334 2285 1367 2318 2.
1396 2287 1478 2326 542,
1509 2289 1542 2321 1.

84 2343 129 2348 —-
158 2331 200 2358 ut
224 2331 388 2371 sumptus
413 2327 519 2361 huius
542 2332 916 2373 peregrinationis...
932 2333 1177 2365 accommodet
1202 2334 1252 2365 ad
1274 2336 1447 2368 mercedes
1472 2335 1545 2367 Ar-

85 2374 151 2416 gil.
181 2379 215 2407 et
238 2376 378 2415 Auem„
417 2375 525 2416 „dass
563 2387 604 2409 er
633 2376 694 2409 die
720 2376 964 2412 Reisekosten
999 2378 1097 2412 nach
1122 2378 1249 2413 Athen
1275 2381 1356 2413 und
1383 2381 1445 2415 die
1471 2380 1546 2415 Ko-

85 2425 169 2452 sten
196 2422 260 2454 fiir
285 2422 415 2455 seinen
445 2423 668 2456 Aufenthalt
695 2423 856 2457 daselbst
883 2424 924 2457 in
952 2425 1020 2459 der
1044 2427 1206 2460 Frem'de
1240 2429 1310 2460 mit
1337 2428 1408 2462 den
1437 2429 1547 2477 Argi-

87 2467 276 2502 letischen
318 2470 395 2502 und
430 2469 731 2504 Aventinischen
767 2472 1018 2507 Miethzinsen
1060 2486 1110 2508 zu
1147 2475 1354 2508 bestreiten
1396 2475 1547 2512 suche.“

88 2515 133 2547 In
172 2516 257 2549 dem
286 2517 502 2563 Argiletum
543 2519 611 2550 der
644 2519 777 2551 eilsten
805 2519 1053 2569 Stadtregion
1079 2521 1273 2556 zwischen
1301 2523 1385 2556 dem
1414 2523 1547 2558 Circus

89 2563 270 2596 Maximus
298 2565 375 2597 und
403 2565 702 2599 Aventinischen
730 2567 868 2613 HiigeL
895 2568 970 2602 wie
996 2569 1095 2603 nach
1121 2571 1187 2602 auf
1209 2570 1295 2603 dem
1321 2571 1548 2613 Aventinus,

87 2609 191 2644 hatte
229 2611 362 2645 Cicero
405 2613 490 2646 eine
524 2615 658 2660 lllenge
686 2613 959 2661 Kaquew'dlbe
998 2617 1074 2650 und
1111 2615 1254 2655 Buden,
1296 2617 1370 2651 wie
1408 2619 1548 2653 andere

90 2658 223 2691 reiehe
250 2659 392 2692 Iliimer
417 2659 481 2692 ihr
509 2660 606 2694 Geld
633 2661 817 2695 ebenfalls
844 2665 1055 2711 anzulegen
1079 2666 1263 2711 pflegten,
1298 2665 1359 2698 (las
1393 2666 1478 2700 sich
1509 2678 1549 2702 so

90 2710 158 2751 gut
183 2706 415 2747 verzinsete,
443 2708 671 2741 allm'a'hlich
697 2710 916 2756 angekauft,
944 2711 1004 2745 (lie
1031 2724 1073 2745 er
1098 2723 1145 2746 an
1170 2712 1439 2748 Handwerker
1463 2726 1501 2747 u.
1519 2727 1548 2752 s.

1163 2771 1247 2811 18*
