1795 3081
257 140 355 185 244
520 135 585 182 M.
622 131 673 178 Τ.
712 128 1059 182 CICERONIS
1095 129 1472 181 EPISTOLAE.

259 259 387 298 Bruti
417 255 471 295 ad
503 268 572 294 me
601 255 740 294 literis
771 255 929 307 scripsi
970 253 1024 293 ad
1063 259 1104 292 te
1143 259 1287 292 antea:
1330 249 1570 305 prudenter
1608 251 1715 289 scri-

260 321 380 368 ptae:
417 309 489 350 sed
519 309 640 352 nihil,
670 309 783 362 quod
815 323 883 348 me
912 308 1156 348 adiuvaret.
1215 308 1340 361 Quod
1370 307 1424 345 ad
1453 314 1496 346 te
1525 306 1712 358 scripsit,

259 370 304 408 id
335 367 509 413 vellem,
540 372 587 404 ut
617 367 709 414 ipse
739 362 926 404 adessetx
956 369 1075 402 certe
1097 363 1278 415 aliquid.
1309 364 1513 416 quoniam
1532 375 1600 400 me
1624 372 1712 399 tam

260 422 385 464 valde
412 427 541 470 amat,
566 419 814 459 adiuvaret.
861 418 986 470 Quod
1013 420 1049 458 si
1076 418 1182 471 quid
1208 419 1333 466 scie-³,
1367 417 1530 456 scribas
1560 415 1613 454 ad
1645 428 1714 454 me

259 478 419 526 velim,
449 477 634 514 maxime
665 483 833 521 autem,
871 475 1008 512 Pansa
1037 473 1221 527 quando.
1281 474 1347 512 De
1378 473 1535 520 Attica,
1566 470 1711 509 doleo:

260 531 391 572 credo
431 537 575 570 tamen
607 531 801 570 Cratero.
858 529 1014 568 Piliam
1042 531 1146 583 angi
1175 534 1292 570 veta:
1344 529 1450 567 satis
1485 527 1640 566 solitus
1669 538 1714 564 es

259 599 457 627 maerere
485 599 566 639 pro
598 586 814 625 omnibus.

425 685 743 734 EPISTOLA
780 687 1005 734 DXXXI.
1041 685 1121 745 (ad
1156 685 1258 734 Att.
1294 686 1405 734 XII.
1445 685 1542 742 15.)

398 763 479 798 Ser.
505 764 665 797 Asturae
693 775 824 797 mense
850 763 991 797 Martio
1019 764 1058 796 A.
1087 763 1132 796 U.
1160 765 1199 798 G.
1226 766 1306 799 709.
1357 763 1405 802 (a.
1434 761 1475 794 C.
1503 761 1577 800 45.)

260 823 317 858 De
343 823 586 858 excusatione
613 822 715 867 apud
740 823 999 866 Appuleiunu
1027 822 1071 856 de
1097 823 1305 856 solitudine
1331 833 1415 862 sua3
1443 821 1489 854 de
1515 819 1642 854 literis
1668 818 1716 852 ad

780 869 942 902 Brutum
969 870 1196 903 scribendis.

762 928 940 964 CICERO
967 929 1148 963 ATTICO
1177 929 1213 963 S.

369 976 500 1033 Apud
528 978 806 1032 Appuleium,
839 980 1042 1030 quoniam
1072 980 1117 1017 in
1148 984 1407 1032 perpetuum
1439 990 1525 1015 non
1554 975 1714 1029 placet,

261 1036 308 1075 in
341 1032 431 1074 dies
461 1038 510 1072 ut
539 1047 743 1080 excuser,
773 1031 953 1073 videbis.
1013 1035 1061 1072 ln
1090 1033 1169 1074 hac
1200 1031 1435 1073 solitudine
1465 1045 1593 1071 careo
1621 1044 1714 1070 om-

260 1092 381 1128 nium
421 1089 661 1142 colloqui03
714 1101 932 1141 quumque
971 1103 1095 1128 mane
1136 1103 1203 1128 me
1246 1091 1291 1127 in
1330 1090 1482 1127 silvam
1523 1087 1714 1126 abstrusi

260 1145 438 1184 densam
469 1150 512 1182 et
539 1157 760 1195 asperam,
807 1156 894 1182 non
936 1157 1038 1184 exeo
1077 1144 1177 1184 inde
1207 1150 1306 1184 ante
1336 1156 1581 1196 vesperum.
1639 1139 1716 1180 Se-

260 1198 450 1239 cundum
479 1204 521 1238 te
550 1197 656 1237 nihil
695 1204 761 1238 est
789 1199 896 1238 mihi
925 1201 1109 1239 amicius
1139 1197 1384 1238 solitudine.
1444 1198 1493 1236 In
1528 1211 1577 1236 ea
1606 1195 1715 1234 mihi

260 1255 400 1294 omnis
430 1266 571 1292 sermo
612 1260 676 1293 est
710 1267 807 1292 cum
838 1255 991 1294 literis.
1049 1254 1158 1294 Eum
1186 1261 1329 1293 tamen
1358 1253 1609 1306 interpellat
1639 1253 1715 1290 fle-

260 1316 351 1349 tus:
384 1309 456 1347 cui
485 1321 703 1360 repugno,
748 1307 889 1361 quoad
924 1323 1110 1361 possum.
1169 1308 1255 1349 Sed
1291 1308 1432 1347 adhuc
1471 1321 1596 1360 pares
1627 1319 1714 1344 non

261 1377 425 1404 sumus.
485 1363 644 1409 Bruto,
690 1370 740 1402 ut
776 1363 953 1413 suadeS,
1004 1365 1257 1404 rescribam.
1316 1364 1396 1402 Eas
1430 1363 1583 1402 literas
1619 1373 1714 1400 cras

260 1419 452 1458 habebis,
513 1417 657 1470 Quum
688 1420 772 1457 erit
801 1420 874 1458 cui
903 1418 994 1466 des,
1028 1418 1161 1460 dabis.

358 1535 392 1566 ll.
442 1536 570 1572 «ntea,
598 1532 705 1576 epist.
733 1533 803 1568 529
830 1533 914 1565 init.
941 1552 988 1557 -—
1013 1533 1076 1566 sed
1096 1534 1194 1567 m'hil
1218 1535 1440 1575 continent,
1467 1533 1586 1574 inest,
1620 1532 1718 1577 quod

261 1592 316 1614 me
343 1582 545 1614 adiuvaret.
596 1579 755 1614 SficAsc.
783 1591 855 1615 sec,
884 1580 984 1614 Crat.
1014 1583 1110 1627 quod
1130 1594 1183 1615 me
1209 1584 1427 1616 adiuvarent
1449 1581 1524 1615 Md.
1544 1582 1626 1613 Asc.
1652 1591 1713 1624 pr.

261 1629 363 1668 Vict⁷
393 1627 494 1660 Man.
520 1639 589 1671 quo
613 1640 668 1660 me
694 1628 908 1662 adiuvarent
933 1629 1070 1667 (Oxou.
1100 1632 1149 1670 1.)
1176 1630 1304 1664 Lamb.
1331 1631 1411 1663 Bos.
1440 1628 1527 1672 Sqq.
1575 1628 1646 1661 ΟΒ.
1666 1646 1713 1652 -

263 1676 380 1709 Pansa
407 1677 552 1719 quando
584 1675 626 1707 in
658 1676 900 1719 provinciam
929 1676 1099 1710 Galliam
1126 1677 1244 1711 Bruto
1279 1688 1519 1710 successurus
1552 1675 1713 1721 profici-

262 1728 403 1757 scatur.
453 1724 552 1756 Nam
585 1722 679 1755 urbe
716 1724 793 1756 iam
832 1730 941 1756 antea
976 1724 1175 1768 paludatus
1213 1727 1368 1759 exierat.
1406 1727 1454 1760 cf.
1482 1735 1537 1768 ep.
1565 1725 1651 1764 520,
1678 1726 1712 1758 3.

261 1771 364 1804 SCH.
398 1788 444 1794 —
477 1771 531 1803 De
556 1772 693 1803 Attica.
745 1771 780 1803 S.
812 1772 846 1804 d.
873 1772 997 1817 vorig.
1024 1772 1085 1805 ΒΓ.
1122 1773 1175 1805 im
1203 1774 1290 1806 Ans.
1319 1792 1364 1797 —
1401 1772 1552 1812 Piliam,
1590 1770 1713 1805 Attici

263 1829 433 1852 uxorem.
462 1818 599 1850 Piliam
619 1818 707 1851 iube
727 1818 771 1851 de
788 1819 894 1852 filiae
912 1819 1135 1853 valetudine
1156 1831 1329 1854 securam
1350 1833 1427 1854 esse
1448 1831 1606 1863 eamque
1621 1817 1712 1865 angi

263 1872 359 1900 veta.
380 1884 426 1890 —
445 1868 540 1899 satis
563 1868 691 1899 solitus
718 1879 750 1899 es
775 1879 933 1900 maerere
954 1879 1024 1912 pro
1050 1869 1222 1908 omnibus,
1248 1868 1372 1902 Deine
1396 1867 1712 1901 Bekiimmerniss

262 1914 393 1947 reicht
426 1914 490 1946 fiir
516 1913 602 1946 Alle
637 1926 700 1946 aus
727 1914 760 1946 d.
791 1915 814 1947 i.
842 1915 900 1947 Du
934 1914 1070 1962 pflegst
1095 1915 1196 1949 Dich
1228 1917 1290 1949 fiir
1323 1917 1386 1950 das
1411 1916 1637 1962 ganzeHaus
1663 1926 1711 1946 zu

261 1961 483 2000 kfimmern,
510 1961 590 1993 dass
608 1961 729 1995 Deine
747 1963 1036 2008 Hausgenossen
1062 1963 1216 2008 solqher
1242 1964 1390 2011 Sorgen
1416 1964 1573 1997 k‘dnnen
1599 1963 1712 1996 iiber-

261 2008 389 2042 hoben
403 2009 494 2042 sein.
520 2008 584 2042 Sic
599 2008 687 2042 cod.
717 2010 871 2042 Decurt.
892 2010 1030 2043 Bened.
1052 2010 1140 2054 Sqq.
1160 2015 1253 2057 angi
1267 2018 1364 2053 veta3
1383 2015 1476 2045 satis
1488 2016 1539 2044 est
1553 2022 1711 2044 maerere

264 2056 331 2094 Cd,
359 2057 541 2089 Tornaes.
568 2056 676 2100 prob.
704 2057 832 2090 Lamb.
861 2058 901 2090 in
917 2057 1027 2092 Curis
1053 2070 1125 2092 see.
1154 2060 1300 2093 inserto
1327 2067 1454 2094 tamen
1479 2072 1533 2092 me
1560 2066 1648 2092 ante
1674 2071 1709 2091 v.

262 2115 430 2138 maerere.
485 2103 676 2138 ORELLI.
726 2104 904 2145 Schtirz„
931 2106 998 2148 qui
1024 2107 1278 2150 posteriorem
1307 2108 1515 2141 lectionem
1543 2107 1712 2150 amplec-

263 2155 376 2192 titur,
396 2162 548 2184 sensum
569 2151 677 2184 hunc
696 2163 772 2186 esse
790 2152 931 2186 voluit:
954 2152 1077 2192 „Satis
1092 2161 1147 2188 est
1165 2154 1239 2188 hoc
1255 2162 1429 2199 tempore
1449 2165 1622 2188 maerere
1637 2164 1709 2198 pro

265 2198 442 2233 omnibus
471 2199 496 2231 i.
525 2210 555 2232 e.
584 2210 829 2234 communem
863 2200 921 2233 rei
952 2201 1131 2245 publicae
1164 2209 1301 2236 statum
1336 2203 1493 2243 deflere3
1532 2208 1575 2235 ut
1607 2201 1712 2234 nihil

265 2257 359 2292 opus
397 2246 447 2279 sit
472 2247 609 2279 Piliam
642 2247 726 2280 sine
761 2259 867 2280 causa
904 2248 994 2294 ang-i
1029 2249 1205 2292 periculo
1242 2252 1365 2290 filiae,
1404 2250 1712 2294 quod-Craterus

265 2293 439 2328 medicus
465 2294 618 2326 nullum
648 2306 724 2328 esse
751 2295 886 2330 dicit.“
945 2296 1016 2330 Sed
1052 2298 1286 2340 praepositio
1316 2310 1388 2344 pro
1424 2298 1450 2332 i.
1477 2309 1508 2331 e.
1534 2298 1710 2331 omnium

265 2342 353 2376 loco
379 2340 480 2374 hanc
507 2342 869 2386 interpretationem
897 2354 1012 2390 aegre
1038 2343 1222 2380 admittat.

362 2391 392 2422 1.
443 2390 674 2433 Appuleium.
725 2390 760 2424 S.
796 2403 851 2435 ep.
880 2393 968 2433 529,
1001 2393 1033 2425 2.
1060 2395 1146 2432 530,
1176 2397 1206 2426 1.
1257 2396 1428 2439 quoniam
1453 2396 1490 2427 in
1513 2405 1614 2439 perp.
1639 2404 1710 2425 non

262 2437 387 2481 placer
413 2435 438 2470 i.
468 2449 498 2468 e.
527 2439 710 2479 quoniam
739 2448 817 2470 non
850 2440 979 2481 placet
1005 2439 1098 2479 tibi,
1135 2447 1177 2474 ut
1211 2442 1251 2473 in
1286 2443 1511 2474 universum
1546 2449 1708 2484 tempus,

266 2495 341 2527 quo
368 2494 484 2516 cenae
516 2483 726 2527 dabuntur,
765 2486 864 2530 apud
890 2486 1124 2530 Appuleium
1161 2489 1277 2521 semel
1319 2489 1400 2529 (ein
1425 2490 1490 2521 fiir
1515 2489 1590 2522 alle
1615 2488 1709 2530 Mal)

264 2542 503 2570 excusemur,
529 2531 686 2570 videbis,
712 2539 754 2566 ut
780 2534 820 2565 in
846 2534 1019 2580 singulos
1047 2534 1136 2568 dies.
1162 2536 1345 2571 MANUT.
1364 2556 1410 2561 —
1430 2538 1598 2575 abstrusi,
1624 2546 1708 2568 ver-

264 2578 356 2611 tiest
382 2578 490 2611 habe.
507 2597 553 2603 ·—
573 2590 700 2622 asper„
728 2581 1006 2625 struppichten.
1022 2601 1067 2606 —-
1086 2583 1158 2616 Sec.
1186 2589 1233 2625 te,
1262 2585 1397 2618 nachst
1423 2585 1504 2617 Dir.
1521 2595 1707 2623 —sermo‚
1764 2602 1767 2607 ·

264 2625 569 2669 Unterhaltung.
596 2645 642 2650 —
673 2628 797 2669 fletus.
848 2628 954 2662 Ehre
988 2631 1052 2662 fiir·
1085 2631 1156 2664 den
1190 2643 1344 2678 grosseti
1372 2633 1510 2670 Maun,
1551 2630 1630 2664 dass
1666 2642 1709 2664 er

263 2672 349 2704 sich
377 2673 504 2705 dieser
529 2673 700 2707 Zeichen
728 2676 795 2708 der
822 2676 1146 2712 Menschlichkeit
1172 2679 1283 2713 nicht
1309 2680 1496 2713 sch'amte!
1521 2697 1565 2703 —-
1591 2691 1708 2723 pares,

263 2718 358 2751 huic
382 2719 510 2760 fletui,
549 2721 801 2766 gewachsen;
843 2724 1016 2756 dolorem
1057 2727 1228 2759 nondum
1265 2728 1391 2762 vinco.
1445 2727 1534 2776 Vgl.
1563 2727 1596 2762 d.
1626 2738 1704 2761 vor.

262 2767 378 2800 Bries.
408 2766 437 2808 §.
465 2769 498 2802 3.
524 2784 571 2792 --
595 2770 719 2806 Bruto.
771 2770 806 2805 S.
836 2782 892 2817 ep.
920 2774 989 2808 529
1015 2772 1070 2807 im
1097 2776 1184 2808 Ans.
1212 2777 1292 2816 530,
1318 2777 1349 2810 4.
