1795 3081
225 75 289 123 98
492 72 557 119 Μ.
593 73 644 119 Τ.
683 69 1026 121 CICERONIS
1065 69 1438 122 EPISTOLAE.

229 194 442 236 eiusmodi
475 201 668 246 tempus,
698 199 767 239 ut,
807 194 929 246 quasi
960 206 1117 233 aurum
1147 194 1266 248 igni,
1296 193 1358 232 sic
1387 191 1691 231 benevolentia
1784 0 1791 287 Ι

227 251 370 291 fidelis
401 250 603 304 periculo
635 249 781 301 aliquo
811 250 1007 301 perspici
1042 250 1202 303 possit;
1242 255 1387 288 cetera
1427 253 1530 287 sunt
1566 248 1692 302 signa

229 308 494 347 communia:
536 303 609 343 sed
640 317 718 358 ego
749 318 834 343 uno
866 310 967 343 utor
997 309 1280 359 argumento,
1312 303 1595 356 quamobrem
1624 315 1693 341 me

228 376 282 402 ex
312 364 455 400 animo
486 372 676 412 vereque
705 359 900 398 arbitrer
930 358 1076 416 diligi,
1118 360 1221 412 qnia
1259 364 1301 398 et
1336 363 1486 396 nostra
1516 358 1694 396 fortuna
1776 364 1779 371 “

187 413 278 457 3ea
309 422 392 467 est,
439 421 482 454 et
511 416 704 460 illorum,
748 420 797 452 ut
835 415 1066 454 simulandi
1101 428 1232 453 causa
1268 427 1354 452 non
1385 414 1454 452 sit.
1513 412 1580 452 De
1610 412 1691 451 illo

228 479 394 520 autem,
427 485 554 523 quom
584 483 715 523 penes
747 476 811 508 est
840 471 978 508 omnis
1009 475 1218 524 potestas,
1252 469 1363 507 nihil
1391 467 1541 518 video,
1572 467 1690 521 quod

226 529 424 566 timeam:
459 527 542 565 nisi
574 524 690 578 quod
720 527 864 564 onmia
895 533 996 564 sunt
1027 528 1214 575 incerta,
1257 537 1390 577 quum
1420 536 1445 562 a
1474 524 1573 562 iure
1604 521 1691 562 dis-

227 595 396 622 cessum
428 587 513 621 est:
546 594 626 619 nec
655 582 870 633 praestari
901 581 1135 634 quidquam
1157 586 1313 633 potest,
1346 579 1471 632 quale
1492 579 1691 617 futurum
1783 563 1787 608 i

226 638 293 681 sit,
326 635 440 689 quod
469 637 661 689 positum
693 641 756 674 est
786 637 831 674 in
861 635 1041 675 alterius
1071 636 1311 684 voluntate,
1342 646 1395 672 ne
1417 632 1561 672 dicam
1590 632 1691 672 libi-
1781 610 1787 713 Ι

228 691 340 730 dine.
402 691 489 731 Sed
530 697 673 729 tamen
715 691 811 729 eius
851 692 993 743 ipsius
1023 691 1143 730 nulla
1175 704 1223 729 re
1252 704 1277 729 a
1305 702 1374 729 me
1405 690 1595 727 offensus
1626 695 1690 727 est
1774 722 1775 726 ,

226 748 411 786 animus.
469 747 543 784 Est
583 747 697 785 enim
735 745 925 785 adhibita
954 747 1000 785 in
1031 759 1080 785 ea
1108 758 1157 785 re
1187 747 1281 799 ipsa
1309 757 1476 783 summa
1504 757 1529 783 a
1561 742 1687 782 nobis
1767 791 1769 796 y

227 801 481 841 moderatio.
512 800 570 841 Ut
593 802 707 839 enim
732 803 832 839 olim
854 802 1101 840 arbitrabar
1118 815 1207 840 csse
1224 813 1366 839 meum
1383 800 1526 839 libere
1550 799 1686 850 loqui,
1765 798 1768 804 '

227 859 350 896 ouius
381 870 516 908 opera
546 861 658 895 esset,
687 857 732 893 in
763 857 941 895 civitate
971 858 1168 895 libertas:
1201 857 1275 903 sic,
1307 867 1357 892 ea
1376 868 1492 893 nunc
1517 854 1686 902 amissa,

227 912 340 951 nihil
370 912 512 964 loqui,
556 909 671 964 quod
702 910 892 950 offendat
925 918 1000 951 aut
1029 912 1149 950 illius
1180 916 1256 949 aut
1291 922 1474 958 eorum,
1523 909 1599 962 qui
1636 908 1689 946 ab

227 968 301 1006 illo
332 965 589 1020 diliguntur,
620 965 902 1006 voluntatem.
949 967 1150 1021 Effugere
1180 972 1326 1005 autem
1356 965 1393 1003 si
1422 964 1554 1004 velim
1582 976 1688 1001 non-

228 1022 448 1060 nullorum
488 1028 617 1061 acute
660 1027 736 1059 aut
775 1023 912 1061 facete
950 1020 1169 1060 dictorum
1210 1016 1528 1072 [offensionem]‚
1571 1019 1687 1057 fama

226 1078 393 1131 ingenii
421 1076 533 1114 mihi
565 1082 629 1115 est
659 1076 919 1115 abiicienda:
965 1075 1106 1129 quod,
1138 1078 1174 1115 si
1203 1076 1248 1114 id
1278 1087 1470 1129 possem,
1501 1086 1587 1112 non
1618 1085 1688 1112 re-

185 1130 209 1170 4
228 1145 435 1170 cusarem.
481 1130 566 1170 Sed
597 1134 739 1169 tam‘en
773 1134 867 1185 ipse
890 1132 1048 1171 Caesar
1078 1133 1207 1171 habet
1236 1143 1420 1183 peracre
1449 1129 1685 1168 iudicium:

225 1192 291 1235 et,
331 1192 380 1225 ut
408 1185 611 1230 Servius,
656 1187 794 1225 frater
834 1196 957 1233 tuus,
1002 1201 1129 1240 quem
1172 1186 1516 1225 literatissimum
1553 1185 1686 1222 fuisse

224 1240 389 1290 iudico,
420 1241 545 1280 facile
575 1240 754 1290 diceret,
786 1243 889 1291 „hic
916 1256 1068 1282 versus
1081 1242 1221 1281 Plauti
1245 1254 1330 1280 non
1361 1248 1440 1291 est,
1472 1240 1545 1279 hic
1575 1233 1685 1283 est‚“

224 1295 339 1348 quod
382 1297 508 1334 tritas
552 1309 677 1335 aures
718 1295 897 1336 haberet
940 1297 1144 1336 notandis
1183 1296 1417 1350 generibus
1459 1296 1688 1347 poetarum

225 1357 267 1390 et
296 1349 614 1390 consuetudine
642 1350 831 1405 legendi:
863 1354 924 1391 sic
955 1351 1083 1390 audio
1115 1351 1368 1399 Caesarem,
1399 1363 1534 1404 quum
1565 1348 1692 1389 volu-

223 1405 341 1444 mina
370 1406 456 1443 iam
487 1406 729 1444 confecerit
757 1399 1136 1459 dnochJeymkrfflr‚
1180 1407 1217 1444 si
1248 1404 1363 1458 quod
1392 1407 1604 1444 afferatur
1632 1401 1688 1442 ad

224 1473 325 1500 eum
355 1472 436 1513 pro
466 1472 584 1508 meo,
618 1458 734 1513 quod
764 1474 906 1501 meum
936 1475 1022 1500 non
1053 1464 1123 1510 sit,
1155 1463 1339 1500 reiicere
1369 1461 1533 1508 solere3
1574 1457 1689 1511 quod

224 1527 275 1555 eo
314 1528 430 1553 nunc
471 1517 608 1568 magis
645 1516 772 1565 facit,
817 1518 918 1568 quia
956 1518 1113 1557 vivunt
1153 1529 1323 1555 mecum
1366 1520 1457 1555 fere
1495 1513 1688 1568 quotidie

227 1604 302 1637 ΟΒ.
337 1623 384 1630 —
419 1607 524 1651 quasi
552 1618 682 1639 aarum
708 1609 810 1651 igni,
845 1607 921 1640 wie
957 1606 1019 1639 die
1045 1606 1228 1639 lieinheit
1263 1607 1326 1640 des
1361 1604 1499 1640 Goldes
1537 1603 1687 1638 durch's

223 1651 361 1686 Feuer.
387 1671 434 1677 —
459 1656 677 1694 communia,
703 1653 844 1687 beiden
871 1653 1041 1701 gemein.
1061 1672 1107 1677 —
1128 1656 1261 1694 simul„
1288 1666 1334 1687 zu
1360 1652 1571 1693 heucheln‚
1598 1651 1684 1685 sich

221 1712 269 1733 zu
295 1701 518 1738 verstellen‚

317 1750 352 1783 3.
402 1750 456 1782 De
482 1750 559 1788 illo,
586 1748 755 1789 Caesare,
783 1759 860 1782 von
886 1748 1019 1783 Seiten
1048 1750 1111 1782 des
1138 1749 1305 1783 mannes.
1333 1769 1379 1775 —-
1405 1762 1467 1784 nec
1491 1753 1624 1793 praest.
1651 1761 1684 1793 q.

219 1799 320 1841 pot„
359 1796 440 1830 und
467 1807 556 1828 man
589 1797 654 1828 fiir
679 1795 819 1830 Nichts
845 1796 1043 1830 einstehen
1072 1797 1187 1829 kann.
1241 1798 1331 1845 Vgl.
1360 1810 1415 1842 ep.
1443 1799 1526 1836 425,
1555 1800 1574 1830 1
1619 1808 1679 1829 am

223 1842 347 1876 Ende.
386 1861 427 1868 —
464 1843 582 1883 libid„
621 1854 698 1876 von
723 1844 867 1877 Laune.
896 1862 940 1868 —
965 1847 1068 1878 nulla
1095 1858 1144 1887 re,
1174 1845 1283 1878 nullo
1310 1846 1445 1885 verbo,
1486 1845 1611 1878 libere
1638 1854 1680 1876 ac

222 1891 347 1925 facete
372 1891 487 1925 dicto.
507 1910 554 1916 ·—
573 1903 695 1935 opera,
720 1890 868 1926 Werk.
890 1911 933 1918 —
950 1895 1002 1926 sic
1021 1892 1191 1926 arbitror
1218 1904 1294 1926 esse
1322 1905 1465 1933 meum,
1494 1904 1530 1926 es
1557 1894 1681 1925 zieme

223 1937 314 1971 mir.
346 1957 387 1964 —
413 1941 531 1981 velim,
558 1937 654 1971 ΕΓΗ.
681 1938 769 1973 Sch.
799 1940 898 1972 Liin.
930 1943 1064 1974 vellem.
1089 1955 1132 1964 -
1157 1939 1417 1985 [offensionem]
1447 1953 1493 1974 ex
1519 1941 1680 1983 antiquo

222 1986 491 2030 supplemento
519 1998 651 2020 omnes
677 1997 783 2020 meae
807 1993 964 2030 praeter
988 1988 1085 2023 vict.
1114 1991 1161 2029 1.,
1188 1990 1255 2032 qui
1282 1989 1441 2032 propria
1469 1989 1593 2021 coni.:
1612 1988 1682 2031 fa-

221 2045 331 2066 mam.
348 2034 439 2068 Cdd.
467 2035 617 2078 aliquot
643 2041 682 2067 et
699 2034 833 2080 Margo
857 2036 957 2069 Crat.
987 2039 1192 2081 opinionem
1220 2037 1329 2080 prob.
1355 2036 1475 2083 Beng.
1501 2035 1682 2070 dictorum

213 2079 328 2123 fama
347 2081 423 2115 Md.
454 2084 527 2115 OR.
556 2093 602 2115 ne
629 2082 733 2115 dicta
758 2082 1011 2118 offenderent.
1038 2083 1072 2119 S.
1090 2084 1245 2117 Ramsh.
1268 2086 1294 2127 ξ.
1313 2087 1396 2125 203,
1427 2085 1458 2124 I,
1484 2085 1518 2124 2,
1534 2096 1563 2118 c.
1592 2086 1678 2118 Not.

222 2128 314 2168 „die
341 2128 603 2175 Moglichkeit
628 2142 674 2162 zu
702 2129 922 2177 beleidigen
949 2132 1009 2165 od.
1036 2132 1148 2165 iibler
1172 2133 1394 2181 Deutung.“
1418 2151 1465 2157 -
1492 2138 1552 2167 est.
1578 2133 1676 2166 Ern.

222 2176 324 2211 coni.
351 2177 441 2210 Seh.
469 2178 566 2213 Liin.
592 2183 679 2210 esset
704 2179 925 2218 abiicienda,
962 2180 1227 2226 aufzugeben5
1270 2180 1335 2213 ich
1369 2183 1507 2214 miisste
1543 2180 1682 2213 darauf

220 2224 463 2260 verzichten.
499 2245 546 2250 —
579 2226 684 2271 quod,
710 2228 742 2259 si
766 2226 811 2261 id.
839 2226 967 2261 Lamb.
994 2228 1090 2262 Ern.
1117 2227 1203 2261 Sch.
1230 2229 1328 2261 Liin.
1356 2230 1453 2273 quod
1481 2231 1515 2262 si
1537 2241 1678 2274 possem

220 2277 357 2305 contra
381 2272 459 2306 Md.
490 2273 562 2307 ΟΒ.

314 2322 348 2354 4.
401 2320 555 2359 Servius,
571 2320 701 2364 frater
726 2326 817 2356 tuus.
850 2321 920 2355 Est
937 2322 1092 2356 Servius
1111 2323 1307 2363 Claudius,
1334 2324 1404 2357 ille
1430 2325 1553 2358 frater
1573 2324 1676 2358 Paeti

221 2367 489 2408 consobrinus,
516 2369 677 2402 Metello
705 2376 742 2403 et
767 2368 929 2403 Afranio
957 2370 1176 2404 consulibus
1204 2378 1395 2411 mortuus,
1422 2372 1530 2405 cuius
1556 2373 1676 2406 libros

220 2415 318 2448 olim
345 2415 479 2449 Paetus
511 2416 691 2450 Ciceroni
726 2416 946 2451 donaverat.
998 2418 1088 2453 vid.
1120 2429 1179 2462 ep.
1217 2420 1273 2454 25.
1310 2419 1410 2452 SCH.
1443 2438 1491 2446 —
1522 2422 1676 2459 litet-at„

220 2461 311 2495 sehr
335 2462 503 2505 belesen,
527 2463 751 2498 bewandert
776 2465 818 2497 in
842 2476 1006 2499 unserer
1030 2466 1239 2500 Literatur.
1265 2484 1312 2492 —
1337 2467 1395 2501 hic
1421 2492 1428 2501 .
1452 2494 1460 2502 .
1478 2496 1487 2505 .
1514 2468 1584 2505 hic.
1633 2467 1672 2506 S.

219 2509 368 2546 Grotef.
396 2512 424 2555 ᾗ.
447 2513 531 2551 289,
557 2512 708 2545 Zusatz.
733 2531 780 2537 --
806 2516 886 2549 trit.
913 2525 1020 2548 aures
1039 2538 1047 2546 .
1072 2539 1080 2547 .
1101 2539 1108 2546 .
1128 2519 1202 2549 not.
1227 2516 1382 2561 gener-ih.
1410 2521 1445 2550 et
1469 2528 1564 2551 cons.
1590 2517 1672 2563 leg„
1774 2499 1777 2535 ⁸

217 2557 312 2591 weil
346 2569 389 2592 er
425 2558 552 2592 durch
582 2560 946 2594 Aufmerksamkeit
978 2563 1048 2594 auf
1081 2562 1143 2595 das
1176 2562 1529 2611 Eigenthiimliche
1566 2564 1671 2598 eines
1777 2569 1779 2578 ⁷

217 2603 330 2638 ieden
356 2605 539 2641 Dichters
573 2605 653 2639 und
687 2607 812 2641 durch
845 2608 967 2642 vieles
993 2610 1116 2643 Lesen
1153 2611 1216 2644 ein
1251 2610 1406 2658 geiibtes
1440 2611 1573 2647 Geh'dr
1604 2611 1670 2646 be-

216 2650 403 2687 kommen
429 2653 605 2688 hatte.—
626 2652 784 2700 «inova,
810 2658 932 2690 facete
952 2656 1160 2698 dictorum,
1187 2658 1568 2704 vonSinnspx-iichen
1589 2659 1670 2692 ικαὶ

213 2700 369 2747 artigen
393 2700 607 2736 Einfa'llen.
635 2702 747 2744 Sunt,
773 2714 870 2747 quae
885 2702 1090 2738 Suetonius
1114 2705 1215 2740 Caes.
1244 2717 1276 2742 c.
1303 2708 1350 2741 56
1374 2707 1545 2753 appellat
1569 2708 1670 2741 «licta
