1795 3081
203 103 297 149 164
463 99 527 146 M.
565 98 616 145 Τ.
652 95 987 147 CICERONIS
1023 92 1403 143 EPISTOLAE.

164 219 190 258 3
209 220 505 260 Ouarnobrern
535 219 605 256 fac
635 218 780 256 animo
811 230 971 273 magno
1002 217 1196 268 sortique
1226 216 1305 253 sis:
1350 220 1407 263 et,
1451 214 1487 251 si
1516 211 1658 252 turbi-

203 265 381 315 ‹lissima
411 275 632 326 sapienter
668 273 851 323 ferebas,
896 273 1210 325 tranquilliora
1241 271 1354 308 laete
1384 270 1511 309 feras.
1568 269 1658 322 Ego

204 339 349 370 tamon
382 331 467 367 tuis
497 329 627 367 rebus
666 329 728 366 sie
758 327 909 378 adero,
948 335 998 367 nt
1038 326 1342 372 difficillimis3
1384 336 1522 376 neque
1553 324 1659 363 Cae-

204 387 294 424 sari
325 385 482 432 solum⁷
522 382 596 421 sed
632 384 762 421 etiarn
808 384 961 421 amicis
1005 384 1097 421 eius
1141 380 1358 428 omnibus,
1403 391 1509 430 quos
1550 377 1661 415 mihi

205 440 492 478 amicissimos
524 450 612 476 esse
643 439 846 492 cognovi,
875 450 957 492 pro
989 444 1045 488 te,
1075 438 1191 475 sicut
1220 433 1362 474 adhuc
1391 434 1491 481 feci,
1523 433 1661 471 liben-

205 496 374 534 tissime
402 493 671 546 supplicabo.

308 624 627 675 EPISTOLA
667 623 1059 673 CCCCLXXVI.
1123 619 1204 682 (ad
1239 621 1350 670 Div.
1385 620 1471 671 VI.
1507 621 1575 679 8.)

407 713 489 747 Ser.
516 712 654 746 Romae
682 717 844 746 exeunte
870 723 968 746 anno
996 713 1040 746 U.
1069 711 1108 745 C.
1136 714 1216 747 708.
1254 712 1302 751 (a.
1331 710 1371 744 C.
1398 711 1475 749 216.)

210 786 442 821 Permissum
469 784 653 818 Caecinae
679 784 824 825 scribit,
862 788 904 815 ut
937 783 972 816 ei
1000 783 1138 817 liceret
1165 795 1242 817 esse
1279 783 1318 816 in
1344 780 1498 822 Sicilia3
1538 778 1666 822 ibique

611 837 654 865 ut
681 836 953 874 commoretur,
980 831 1120 864 suadet.
1161 834 1265 866 1—3.

710 901 888 935 CICERO
921 899 1184 937 CAECINAE.

322 974 468 1028 Quum
497 980 610 1013 esset
637 986 808 1013 mecum
836 974 1023 1029 LargUS,
1065 974 1196 1013 homo
1235 974 1302 1013 tui
1330 971 1565 1021 studiosus,
1603 970 1668 1008 lo-

216 1037 343 1070 cutus
373 1029 592 1068 Kalendas
630 1029 719 1068 Ian.
759 1029 841 1067 tibi
880 1030 1132 1081 praefinitas
1162 1042 1276 1069 esse-t
1322 1026 1439 1081 quod
1469 1026 1669 1065 omnibus

214 1086 345 1125 rebus
376 1097 699 1137 perspexeram,
730 1097 839 1136 quae
868 1084 1028 1123 Balbus
1061 1091 1104 1124 et
1134 1084 1315 1137 Oppius,
1356 1083 1533 1122 absente
1563 1081 1669 1121 Cae-

215 1154 327 1190 sare,
360 1140 561 1194 egissent,
602 1152 651 1177 ea
693 1141 837 1178 solere
877 1139 948 1177 illi
985 1145 1082 1179 rata
1121 1153 1233 1179 esse:
1275 1140 1344 1194 egi
1387 1138 1671 1177 vehementer

216 1208 316 1233 cum
345 1195 414 1244 iis,
443 1200 493 1233 ut
522 1194 605 1232 hoc
636 1193 745 1232 mihi
776 1193 945 1243 darent,
976 1194 1058 1233 tibi
1087 1195 1133 1232 in
1164 1193 1334 1244 Sicilia,
1365 1191 1507 1246 quoad
1534 1190 1671 1229 velle-

215 1263 326 1299 mUS,
358 1262 449 1288 esse
478 1250 545 1289 uti
574 1249 742 1288 liceret.
803 1248 890 1300 Qui
925 1249 1036 1287 mihi
1075 1255 1351 1288 consuessent
1379 1253 1455 1286 aut
1482 1246 1674 1285 libenter

217 1305 438 1358 polliceri,
467 1305 505 1342 si
535 1302 640 1355 qnid
670 1309 780 1342 esset
809 1303 1039 1353 eiusmodi,
1070 1303 1186 1356 quod
1207 1317 1361 1343 eorum
1389 1303 1557 1340 animos
1587 1313 1674 1338 non

217 1358 487 1405 offenderet3
519 1364 594 1396 aut
624 1359 755 1397 etiam
785 1372 946 1414 negare
975 1365 1020 1397 et
1048 1361 1207 1397 afferre
1237 1360 1468 1407 rationem,
1500 1369 1579 1395 cur
1600 1367 1674 1394 ne-

218 1419 396 1468 garent:
426 1412 530 1451 huic
559 1425 679 1451 meae
718 1414 1047 1467 rogationi***
1072 1415 1219 1466 potius
1248 1426 1335 1451 non
1366 1413 1575 1451 continuo
1606 1423 1675 1448 re-

218 1467 516 1520 sponderunt3
559 1466 711 1506 eodem
750 1467 820 1506 die
857 1474 1003 1507 tamen
1041 1468 1096 1507 ad
1124 1482 1192 1507 me
1223 1473 1528 1508 reverterunt:
1566 1465 1676 1504 mihi

184 1572 186 1574 Ι
219 1523 303 1562 hoc
332 1520 562 1571 dederunt,
591 1528 641 1560 ut
669 1535 780 1561 esses
809 1523 855 1560 in
884 1521 1056 1572 Sicilia,
1094 1522 1238 1575 quoad
1265 1524 1431 1571 velles3
1476 1534 1520 1561 se
1549 1533 1675 1574 prae-

220 1583 413 1616 staturos
443 1576 557 1614 nihil
587 1590 639 1616 ex
669 1590 720 1615 eo
764 1583 805 1616 te
836 1579 1088 1616 offensionis
1117 1578 1384 1617 habiturum.
1443 1576 1677 1628 Quoniam,

294 1691 351 1725 ·3.
399 1694 432 1723 si
457 1691 590 1723 turhid.
617 1702 694 1735 sap.
715 1689 807 1734 feru,
834 1703 950 1725 wenn
977 1691 1036 1723 Du
1063 1691 1164 1724 Dich
1191 1691 1232 1724 in
1258 1691 1355 1725 Dein
1383 1690 1596 1728 Schicksah
1622 1690 1677 1723 als

224 1749 260 1772 es
287 1749 344 1770 am
363 1737 559 1770 triibesten
585 1736 728 1780 aus—sah,
754 1739 826 1770 mit
845 1738 1036 1772 Weisheit
1059 1739 1242 1786 ergabest‚
1271 1749 1309 1772 so
1327 1739 1435 1788 ergib
1453 1738 1551 1771 Dic-h
1570 1738 1676 1771 dem-

187 1804 191 1811 ·-
223 1785 353 1819 selben
378 1785 470 1818 ietzt
502 1785 572 1817 mit
598 1784 879 1827 Frfflssichkest,
915 1786 958 1819 da
994 1797 1030 1818 es
1066 1786 1128 1818 ein
1163 1780 1380 1820 heitereres
1402 1785 1576 1819 Ansehen
1612 1797 1676 1833 ge·

223 1843 391 1866 wonnen
415 1831 494 1864 hat.
523 1851 563 1856 —
592 1836 665 1865 tuis
692 1835 792 1867 rebus
818 1837 871 1866 sic·
888 1835 1009 1873 adero,
1037 1840 1077 1867 ut
1095 1833 1187 1879 diff,
1216 1833 1278 1867 ich
1304 1834 1431 1867 werde
1457 1833 1563 1866 mich
1589 1833 1678 1866 Dei-

224 1879 686 1960 nerhAngetllegenheiten
718 1892 757 1915 so
804 1880 1035 1923 annehmen,
1080 1882 1133 1914 als
1170 1882 1214 1915 ob
1247 1882 1302 1915 sie
1337 1880 1471 1915 h'ochst
1502 1881 1678 1914 misslich

224 1938 296 1960 noc
352 1929 431 1961 st'zin
461 1939 519 1961 en.

372 1998 630 2032 CAECINAE.
681 1998 716 2033 S.
746 2011 793 2032 zu
821 2011 876 2044 ep.
906 1999 1124 2034 CCCCLXX
1151 2000 1202 2032 im
1230 1999 1314 2033 Anf.

323 2049 354 2080 1.
401 2048 620 2092 praefinitas
658 2059 740 2088 esse,
780 2048 834 2080 sei
870 2047 941 2080 Dir
976 2048 1197 2081 anberaumt
1234 2047 1406 2087 worden,
1444 2045 1605 2080 Sicilien
1632 2058 1680 2079 zu

227 2094 430 2127 verlassen.
480 2094 605 2128 Ueber
629 2096 773 2140 Largus
799 2095 847 2128 ist
879 2101 980 2128 sonst
1007 2096 1142 2128 Nichts
1176 2095 1312 2129 weiter
1345 2094 1520 2127 bekannt.
1546 2113 1592 2119 —
1619 2096 1681 2128 ab·

228 2148 322 2175 sente
351 2143 513 2179 Caesare,
541 2142 608 2175 der
634 2153 704 2175 vor
729 2143 906 2190 Ausgang
933 2143 995 2176 des
1024 2143 1131 2175 Iahrs
1159 2146 1226 2177 703
1257 2142 1353 2175 nach
1380 2142 1546 2186 Spanien
1570 2143 1682 2189 abge-

230 2201 381 2236 gangen
417 2201 510 2229 war,
547 2201 610 2221 um
646 2190 717 2223 den
744 2190 825 2225 Sex.
866 2190 941 2223 und
977 2190 1042 2225 Cn.
1070 2191 1267 2235 Pompeius
1301 2203 1347 2223 zu
1374 2190 1609 2236 bezwingen.
1637 2207 1681 2215 —·

231 2238 347 2283 quod.
364 2249 457 2270 ,ηοη
484 2236 689 2281 offenderet,
724 2239 846 2272 wobei
872 2238 926 2271 sie
961 2238 1054 2271 kein
1080 2238 1285 2272 Bedenken
1318 2237 1470 2271 fanden.
1497 2257 1544 2261 —
1570 2250 1682 2282 rega-

228 2288 335 2318 tiom'.
388 2284 584 2317 Excidisse
610 2284 677 2318 hic
703 2286 776 2319 (luo
804 2297 883 2319 voc.
912 2285 1092 2319 viderunt
1117 2286 1242 2319 multi.
1270 2287 1354 2319 huic
1377 2298 1476 2319 meae
1496 2288 1683 2330 rogationi

230 2338 295 2365 acet
311 2331 554 2376 flagitationi
576 2336 698 2375 potius
734 2333 836 2366 haud
872 2333 972 2366 male
1006 2334 1159 2378 supplet
1199 2333 1283 2367 Sch.
1319 2347 1417 2367 meae
1451 2335 1594 2366 actioni
1622 2346 1683 2367 scu

231 2382 424 2425 rogationi
452 2384 577 2423 potius
604 2381 720 2424 Neap.
748 2381 875 2414 Lainb.
902 2381 1103 2428 Vulgatam
1140 2382 1310 2415 defendit
1335 2380 1485 2414 Rostius
1522 2382 1620 2426 Spec.
1647 2383 1681 2416 2.

232 2440 268 2471 p.
296 2430 327 2463 6.
367 2428 439 2460 OR.
483 2422 596 2460 Nihil
629 2428 756 2468 deest;
804 2441 890 2461 nam
919 2433 1045 2473 potius
1082 2430 1251 2463 refertur
1286 2429 1331 2462 ad
1366 2429 1436 2461 illa
1471 2429 1682 2472 superiora.

234 2476 355 2517 Quum
392 2480 561 2507 suessent
594 2480 657 2507 aut
692 2476 872 2519 polliceri
907 2482 970 2509 aut
1004 2476 1114 2509 etiam
1149 2488 1300 2521 negare,
1337 2476 1477 2510 horum
1501 2481 1682 2509 neutrum

234 2525 420 2563 fecerunt,
462 2521 526 2554 sed
552 2522 675 2566 potius
703 2523 794 2556 huic
821 2536 927 2557 meae
954 2524 1145 2572 rogationi
1172 2536 1248 2558 non
1274 2524 1454 2558 continuo
1481 2524 1684 2568 responde·

233 2574 332 2604 runt.
366 2570 545 2603 MANUT.
581 2569 765 2604 Graevius
799 2572 964 2605 correin
999 2576 1169 2616 protinus
1202 2585 1272 2606 non
1298 2585 1404 2616 resp„
1439 2576 1483 2604 ut
1516 2575 1684 2605 continuo

234 2618 280 2650 sit
308 2618 429 2664 glossa
456 2617 630 2650 vocabuli
652 2622 832 2662 protinus.
861 2639 905 2644 —
932 2633 967 2653 se
990 2625 1124 2663 praest.
1153 2625 1236 2661 cet„
1274 2621 1326 2654 sie
1353 2619 1513 2653 wollten
1548 2631 1585 2651 es
1621 2620 1687 2651 auf

237 2664 318 2697 sich
346 2665 525 2703 nehmen,
556 2664 635 2698 dass
663 2666 734 2698 Dir
759 2667 873 2699 keine
902 2667 1314 2702 Verantwortlichkcit
1349 2667 1478 2701 daraus
1515 2667 1682 2701 erwach-

236 2724 300 2745 sen
329 2713 451 2746 sollte.
480 2732 525 2737 -—
556 2714 744 2757 Quoniam.
774 2714 808 2748 S.
838 2725 894 2759 ep.
922 2717 1005 2757 470,
1030 2718 1064 2751 7.
