1795 3081
413 69 733 119 EPISTOLA
771 68 1217 120 CCCCLXXVIII.
1458 72 1552 119 169

107 204 215 232 vero
246 191 300 231 ad
329 193 464 245 ipsius
482 190 680 231 Caesaris
710 201 865 228 nomen
895 191 1010 239 veni,
1040 197 1135 230 toto
1166 203 1352 244 corpore
1382 197 1555 230 contre-

107 250 258 297 misco,
288 259 375 285 non
404 258 568 299 poenae
596 250 729 294 metu,
773 243 848 283 sed
885 244 1007 283 illius
1037 245 1214 284 iudicii:
1251 249 1401 286 *totum
1440 247 1557 287 enim

110 303 340 343 Caesarem
369 315 454 339 non
484 300 602 338 novi.
647 298 783 350 Quem
805 305 929 351 putas
953 300 1143 338 animum
1174 315 1276 348 esse,
1306 302 1383 340 ubi
1411 313 1558 340 secum

109 358 336 409 loquitur?
367 355 491 407 „Hoc
510 352 766 407 probabit:“
799 354 908 404 „hoc
930 354 1114 393 verbum
1136 357 1425 409 suspiciosum
1451 352 1558 395 est.“

110 411 268 464 „Quid‚
298 412 334 450 si
364 411 446 449 hoc
474 416 593 448 muto
607 408 650 446 ?“
683 408 765 459 „At
791 420 965 458 vereor,
996 422 1048 447 ne
1079 411 1202 461 peius
1231 410 1327 450 sit.“
1366 410 1559 465 „—-Age

110 480 234 516 vero,
266 465 394 504 laudo
425 462 660 515 aliquemff‘
701 476 829 514 „num
858 463 1030 502 offendo
1043 462 1086 502 ‘3²‘
1127 464 1297 515 „Quum
1326 479 1462 519 porro
1494 466 1559 503 of-

111 519 340 561 fendam?“
373 518 543 571 „QuidZ’
574 519 611 556 si
642 530 728 556 nou
758 516 909 556 νΠΙῐῗιι
943 519 1139 568 „Armati
1167 521 1318 558 stilum
1338 521 1560 573 persequi-

111 584 207 616 tur:
240 576 349 614 victi
379 581 422 613 et
450 572 643 612 nondum
674 574 868 612 restituti
898 573 1004 624 quid
1033 573 1219 613 faciet?“
1256 575 1397 630 Auges
1429 575 1563 615 etiam

112 639 161 671 tu
189 630 297 670 mihi
326 631 545 679 timorem,
578 628 651 679 qui
682 629 726 665 in
757 627 946 667 Oratore
976 635 1051 667 tuo
1083 641 1209 668 caves
1238 629 1319 668 tibi
1350 643 1428 682 per
1451 631 1563 668 Bru-

112 693 204 726 tum
233 691 276 724 et
305 683 357 723 ad
376 684 701 723 excusationem
719 684 885 721 socium
905 685 1092 735 quaeris.
1150 684 1236 723 Ubi
1258 684 1342 722 hoc
1366 686 1563 723 omnium

112 747 322 794 patronus
353 740 488 779 facis:
535 736 641 790 quid
670 750 753 787 me,
798 744 992 776 veterem
1036 744 1174 788 tuum,
1214 752 1330 777 nunc
1369 741 1564 778 onmium

113 797 318 834 clientem
348 795 511 832 sentire
543 795 743 845 oportet?
782 792 832 830 In
862 792 944 831 hac
974 794 1112 848 igitur
1143 794 1359 832 calumnia
1389 794 1566 835 timoris

114 857 157 889 et
186 861 340 888 caecae
369 848 630 901 suspicionis
659 853 895 897 tormento,
940 862 1073 900 quum
1109 848 1301 900 plurima
1338 848 1392 887 ad
1431 849 1567 887 alieni

114 917 261 944 sensus
303 905 618 952 coniecturam,
664 915 751 940 non
788 901 843 940 ad
885 915 1010 941 suum
1046 902 1260 942 iudicium
1298 904 1568 953 scribantur,

116 973 244 1012 quam
291 957 471 997 difficile
511 959 570 996 sit
609 956 809 1007 evadere,
851 958 889 995 si
929 959 1072 995 minus
1113 964 1316 1011 expertus
1356 971 1414 1007 es,
1451 956 1570 1009 quod

116 1021 158 1054 te
187 1013 242 1052 ad
271 1014 417 1051 onmia
446 1025 661 1052 summum
691 1019 820 1064 atque
858 1013 1074 1052 excellens
1103 1014 1326 1068 ingenium
1364 1014 1570 1062 armavit,

214 1131 243 1163 4.
291 1129 383 1167 veni,
408 1126 490 1159 scil.
516 1125 657 1158 librum
679 1125 803 1158 denuo
829 1126 1045 1174 perlegens.
1073 1146 1119 1152 —-
1150 1129 1212 1161 sed
1234 1132 1332 1160 metu
1357 1129 1457 1161 illius
1483 1127 1508 1162 i.
1535 1139 1569 1164 e.

117 1174 285 1211 Caesaris
312 1175 450 1207 iudicii.
479 1193 526 1199 —
553 1186 654 1220 quem
676 1176 1031 1219 putas...loquitur
1056 1175 1096 1209 h.
1126 1185 1155 1208 e.
1182 1175 1371 1219 quomodo
1398 1175 1570 1208 animum

118 1234 245 1258 meum
272 1221 449 1255 affectum
476 1233 553 1258 esse
578 1226 700 1265 putas,
726 1221 792 1254 ubi
817 1222 921 1255 inter
945 1222 1190 1256 scribendum
1218 1223 1272 1256 sic
1297 1234 1424 1256 secum
1443 1221 1572 1267 loqui-

119 1271 211 1304 tur?
237 1288 281 1295 —
305 1271 478 1314 probabit
504 1269 648 1304 Caesar.
676 1288 720 1294 -
745 1270 823 1314 Age
842 1281 923 1303 vero
947 1280 996 1301 Ξ
1019 1271 1080 1303 fac
1104 1281 1210 1311 vero,
1236 1275 1381 1318 gesetzt
1407 1270 1508 1307 aber.
1528 1287 1573 1296 —

119 1319 260 1364 offendo
287 1317 508 1358 Caesarem3
546 1321 589 1349 ut
619 1318 652 1349 si
678 1316 860 1350 Catonem
885 1318 986 1351 forte
1011 1317 1233 1351 Uticensem
1261 1318 1417 1352 laudare
1442 1317 1574 1352 velim.

122 1385 164 1393 --
190 1368 309 1400 sinon
327 1366 412 1398 vult.
439 1363 635 1398 Sententia
659 1363 753 1397 haec
780 1370 856 1398 est:
885 1367 1013 1405 „Num
1034 1365 1213 1398 offendo?
1239 1366 1326 1399 Non
1352 1376 1462 1410 spero
1489 1365 1575 1409 qui-

127 1413 227 1454 dem,
254 1412 319 1446 sed
344 1417 471 1447 tamen
496 1411 582 1445 fieri
616 1416 753 1456 potest.
805 1411 901 1453 Quid
938 1418 1063 1451 autem
1103 1412 1194 1446 inde
1228 1418 1420 1459 sequetur,
1460 1412 1493 1446 si
1530 1423 1575 1447 re

124 1471 215 1494 vera
255 1471 339 1494 eum
372 1459 589 1492 offendam?
634 1458 757 1500 Quid?
799 1459 830 1492 si
866 1460 1024 1493 omnino
1061 1470 1138 1492 non
1171 1459 1256 1493 vult
1288 1460 1439 1493 laudari
1474 1471 1579 1501 eum,

127 1519 240 1552 quem
276 1506 455 1540 laudavi?
499 1506 590 1548 „Sic
626 1506 875 1540 distinctione
914 1507 995 1539 iuvi
1035 1507 1164 1540 locum
1208 1513 1317 1542 antea
1350 1508 1577 1541 obscurum:

127 1567 234 1601 quum
255 1566 369 1598 porro
395 1554 587 1599 offendam,
615 1555 713 1598 quid,
748 1557 780 1586 si
804 1566 873 1587 non
898 1556 1001 1589 vult?
1037 1555 1227 1590 ORELLI.
1264 1575 1306 1581 —
1345 1558 1486 1589 armati
1510 1558 1579 1589 sti-

126 1605 214 1642 lum,
252 1602 353 1645 quod
388 1606 474 1635 ante
508 1612 674 1648 pugnam
708 1600 960 1634 Pharsalicam
995 1602 1173 1636 adversus
1211 1614 1296 1635 eum
1325 1609 1371 1635 ut
1395 1603 1515 1636 hostis
1541 1608 1580 1637 et

127 1661 227 1683 arma
260 1648 397 1696 gerens
432 1649 666 1693 scripseram.
701 1649 800 1681 SCH.
838 1668 885 1673 —
925 1651 1016 1685 victi
1049 1656 1084 1684 et
1116 1651 1274 1683 nondum
1300 1653 1465 1684 restituti
1497 1650 1579 1685 scil.

129 1698 214 1731 stilo
252 1709 277 1731 s.
316 1696 362 1730 de
400 1697 487 1730 stilo
519 1695 669 1741 faciet?
715 1696 882 1730 Caesaris
918 1697 1106 1730 iudicium
1144 1697 1348 1740 metuebat,
1392 1704 1435 1737 ut
1469 1703 1581 1732 antea

130 1745 237 1778 dixit.
286 1744 361 1777 Hic
387 1743 524 1777 finitur
560 1743 663 1776 illud
689 1743 873 1778 Caecinae
905 1745 1166 1789 soliloquium.
1198 1764 1245 1770 —
1279 1749 1381 1790 qui..
1399 1772 1405 1779 .
1423 1750 1580 1792 quaeris,

130 1793 173 1825 da
199 1792 258 1824 Du
297 1792 337 1824 in
363 1792 527 1825 Deinem
565 1791 711 1833 Orator,
748 1792 837 1825 falls
873 1793 933 1826 Du
966 1798 1062 1826 etwa
1102 1793 1208 1826 einer
1240 1793 1582 1842 Entschuldigung

131 1839 353 1880 bediirftest,
396 1839 470 1872 den
502 1838 641 1872 Brutus
685 1839 923 1876 vorschiebst
962 1840 1041 1879 und
1081 1852 1169 1873 zum
1208 1841 1488 1875 Theilnehmer
1533 1843 1582 1875 an

133 1887 272 1920 Deiner
296 1886 705 1921 Verantwortlichkeit
731 1888 889 1922 machst.
916 1887 952 1923 S.
980 1889 1079 1923 Orat.
1112 1899 1142 1920 c.
1171 1891 1235 1924 10:
1262 1889 1390 1936 Itaque
1415 1890 1480 1922 hoc
1504 1902 1584 1924 sum

132 1946 333 1981 aggressuS,
359 1937 486 1968 statim
514 1936 648 1968 Catone
674 1936 850 1974 absoluto,
878 1948 978 1982 quem
1013 1939 1130 1980 ipsum
1154 1949 1351 1982 numquam
1376 1940 1587 1983 attigissem

131 1989 295 2027 tempora
319 1985 447 2016 timens
472 1984 623 2016 inimica
648 1986 790 2024 virtuti,
819 1988 892 2018 nisi
917 1984 985 2017 tibi
1009 1985 1177 2019 horta-nti
1203 1990 1236 2018 et
1255 1987 1356 2018 illius
1368 1987 1585 2019 memoriam

133 2031 225 2064 mihi
249 2042 371 2063 coram
397 2033 573 2064 excitanti
598 2043 668 2064 non
690 2042 822 2076 parere
849 2031 955 2076 nefus
981 2045 1049 2066 esse
1075 2034 1261 2069 duxissem.
1278 2051 1324 2058 —
1347 2045 1415 2078 per·
1429 2035 1586 2068 Brutum

134 2078 287 2115 Catonis
315 2089 361 2111 ex
386 2089 514 2111 sorore
541 2083 720 2126 nepotem
747 2079 990 2123 eiusdemque
1017 2080 1310 2121 admiratorem3
1339 2081 1502 2115 eundem
1528 2086 1586 2118 ta-

135 2137 223 2159 men
250 2126 364 2159 etiam
392 2125 542 2158 Caesari
568 2137 704 2159 carum.
734 2127 832 2161 SCH.
880 2128 948 2162 Ubi
983 2128 1048 2161 hoc
1074 2132 1232 2161 omnium
1265 2133 1443 2173 patronus
1466 2128 1585 2172 facis,

135 2175 225 2220 quid
246 2173 421 2208 me...ibi
445 2176 574 2208 sentire
600 2177 767 2218 oportet?
816 2176 861 2208 In
900 2175 1040 2209 diesem
1063 2176 1185 2217 Faue,
1220 2187 1280 2210 wo
1308 2176 1380 2218 Du,
1419 2177 1488 2211 der
1513 2178 1585 2210 all-

135 2221 307 2269 gemeine
340 2220 571 2255 Beschiitzer
612 2221 711 2255 aller
744 2223 1026 2270 Angeklagten,
1073 2234 1111 2257 so
1145 2223 1337 2264 handelst,
1377 2225 1452 2258 wie
1484 2237 1586 2259 muss

137 2269 236 2309 mir,
278 2267 444 2302 ehemals
478 2269 636 2303 Deinem
675 2270 756 2303 und
797 2282 876 2303 nun
908 2272 1006 2305 aller
1036 2270 1148 2306 Welt
1180 2271 1377 2309 Clienten,
1426 2272 1471 2306 da
1503 2273 1588 2306 vol-

136 2315 244 2349 lends
270 2327 317 2349 zu
344 2315 470 2350 Muthe
497 2317 604 2351 sein?
644 2316 868 2352 Ciceronem
903 2319 1074 2352 omnium
1109 2329 1263 2353 reorum
1297 2325 1500 2364 patronum
1527 2320 1588 2353 di-

140 2364 205 2403 cit,
241 2364 344 2407 quasi
379 2363 425 2396 ad
456 2376 541 2397 eum
577 2375 706 2398 omnes
742 2377 873 2399 causae
908 2366 1049 2399 deferri
1084 2367 1216 2403 solitae
1243 2372 1378 2400 essent.
1415 2368 1514 2401 SCH.
1539 2385 1588 2393 —-

136 2417 286 2446 veterem
311 2417 423 2453 tuum,
462 2412 562 2455 quod
589 2424 673 2445 eum
701 2413 834 2447 Cicero
862 2413 1084 2448 defenderat
1111 2414 1296 2456 oratione,
1333 2426 1428 2458 quae
1456 2419 1588 2449 exstat.

139 2459 239 2493 SCH.
266 2477 312 2483 —
338 2462 495 2493 omnium
527 2461 702 2502 clientem,
739 2461 879 2505 quippe
914 2462 980 2505 qui
1014 2462 1054 2494 in
1089 2463 1242 2496 miseria
1276 2462 1404 2495 exsilii
1441 2463 1589 2496 nullius

139 2507 325 2540 auxilium
352 2512 414 2539 aut
438 2507 693 2553 patrocinium
720 2509 918 2554 aspernari
945 2509 1068 2543 debeo.
1097 2511 1197 2543 SCH.
1218 2529 1262 2534 —-
1287 2512 1421 2544 sentire
1438 2510 1487 2543 ist
1512 2520 1591 2544 von

139 2555 293 2587 Ernesti
336 2554 666 2601 eingeklammert‚
717 2556 762 2588 da
798 2556 879 2589 sich
917 2569 980 2589 aus
1006 2557 1109 2601 facis
1141 2558 1262 2598 leicht
1286 2556 1414 2601 fucere
1447 2570 1494 2591 an
1528 2557 1590 2591 die

139 2603 247 2635 Hand
274 2602 364 2649 gibt.
392 2622 437 2627 —
464 2604 660 2645 calumnia,
687 2603 864 2643 Chicane,
891 2603 1166 2651 Sclbstbetrug.
1194 2623 1238 2630 -—
1264 2605 1312 2638 τιεί
1335 2607 1448 2640 alieni
1471 2618 1593 2640 sensus

140 2653 392 2690 coniecturam,
438 2649 534 2683 nach
574 2650 640 2684 der
674 2651 952 2699 Vermuthung‚
994 2654 1067 2686 wie
1096 2654 1159 2686 ein
1194 2652 1349 2686 Andrer
1373 2654 1520 2695 (C'a‘sar)
1553 2664 1591 2687 es

143 2697 307 2732 uehmen
333 2698 474 2738 werde,
501 2698 527 2741 ξ.
555 2701 599 2732 1;
628 2710 702 2742 quo
731 2700 858 2732 animo
885 2694 1117 2745 accipiatur:
1134 2719 1179 2725 —
1207 2702 1363 2742 evadere,
1397 2700 1477 2735 sich
1501 2701 1592 2735 her-
