1795 3081
215 39 313 90 216
473 33 539 81 Μ.
575 33 629 80 T.
665 29 1006 81 CICERONIS
1042 29 1427 82 EPISTOLAE.

220 158 279 197 Iis
309 157 422 196 enim
451 154 582 195 rebus
610 152 953 208 praestabamus,
986 165 1096 207 quae
1115 166 1201 193 non
1223 152 1441 207 prodeunt
1461 153 1506 192 in
1526 153 1682 194 aciemz

219 226 304 252 usu
334 217 476 251 autem
505 222 728 248 armorum
758 215 801 249 et
829 210 1019 247 militurn
1049 211 1207 250 robore
1236 210 1471 248 inferiores
1501 222 1684 248 eramus.

223 267 310 308 Sed
339 274 387 305 tu
417 266 543 305 illum
572 266 762 303 animum
794 277 908 303 nunc
938 263 1114 311 adhibe,
1155 277 1332 317 quaeso,
1379 277 1465 316 quo
1493 277 1563 303 me
1592 270 1687 303 tum

180 329 207 369 6
225 336 315 363 esse
345 327 547 374 oportere
576 320 792 359 censebas.
851 318 974 358 Haec
1004 331 1054 358 eo
1084 322 1274 373 scripsi,
1304 318 1420 372 quod
1448 320 1557 358 mihi
1586 318 1686 358 Phi.-

223 380 424 431 largyrus
463 381 563 414 tuus
602 377 750 414 omnia
789 373 841 413 de
881 380 924 413 te
954 376 1202 428 requirenti
1231 374 1490 414 fidelissimo
1521 375 1685 423 animo,

223 439 275 473 ut
303 433 410 470 mihi
440 429 614 484 quidem
643 432 764 471 visus
787 435 864 478 est,
896 432 1113 481 narravit,
1145 437 1187 470 te
1210 428 1433 469 interdum
1451 429 1686 469 sollicitum

225 487 368 528 solere
400 500 493 526 esse
522 485 835 525 vehementius.
896 484 1024 537 Quod
1054 486 1198 525 faeere
1229 498 1316 524 non
1347 485 1475 524 debes
1501 497 1579 524 nec
1608 483 1687 523 du-

224 544 392 592 bitare,
437 543 541 594 quin
581 547 657 579 aut
695 540 842 592 aliqua
872 553 920 579 re
949 541 1125 593 publica
1155 542 1212 580 sis
1244 542 1442 589 futurus,
1488 541 1564 593 qui
1595 551 1688 578 esse

226 598 378 646 debes3
406 603 482 636 aut
500 594 692 650 perdita,
719 608 803 634 non
825 597 1060 636 afflictiore
1085 596 1352 645 conditione,
1384 608 1514 649 quam
1536 595 1687 634 ceteri.

225 653 326 692 Hoc
358 665 463 692 vero
495 658 689 704 tempus,
735 664 821 703 quo
863 653 1100 690 exanimati
1137 665 1284 691 omnes
1315 658 1358 690 et
1387 651 1587 703 suspensi
1618 662 1689 689 su-

225 721 336 757 nni-5,
367 708 449 747 hoe
479 705 774 746 moderatiore
804 707 947 745 animo
975 707 1095 746 ferre
1125 705 1266 751 debes,
1298 706 1412 759 quod
1442 712 1485 746 et
1510 707 1557 745 in
1579 705 1690 745 urbe

226 777 277 803 ea
306 777 373 814 eS,
419 763 497 801 ubi
536 769 639 801 nata
670 768 715 801 et
744 761 833 801 alta
863 768 929 801 est
958 763 1071 801 ratio
1104 776 1155 801 ac
1185 761 1428 801 moderatio
1459 762 1599 810 vitae,
1646 765 1689 799 et

226 818 356 858 habes
386 816 480 856 Ser.
511 816 780 870 Sulpicium,
824 830 952 869 quem
994 831 1170 869 semper
1204 818 1333 856 unice
1364 816 1582 865 dilexisti,
1613 816 1690 868 qui

227 880 271 913 te
302 876 498 927 profecto
529 879 572 912 et
602 873 903 912 benevolentia
933 878 976 912 et
1005 873 1218 925 sapientia
1247 872 1524 911 consolatur:
1568 872 1691 910 cuius

228 931 265 968 si
295 942 484 969 essemus
516 933 559 967 et
587 927 891 967 auctoritatem
922 933 965 966 et
993 928 1226 966 consilinm
1257 928 1415 972 secuti,
1447 927 1586 980 togati
1616 938 1692 978 po-

187 994 212 1036 7
231 987 318 1024 tius
349 984 607 1037 potentiam,
650 996 779 1035 quam
819 984 977 1021 armati
1005 984 1236 1022 victoriam
1266 983 1546 1022 subissemus.
1606 979 1693 1020 Sed

231 1041 337 1082 haec
380 1040 583 1093 longiora
625 1039 808 1077 fortasse
848 1040 1049 1085 fuerunt,
1098 1051 1226 1091 quam
1256 1051 1430 1077 necesse
1459 1038 1568 1077 fuit:
1599 1036 1690 1081 illa,

229 1108 341 1148 quae
381 1096 550 1133 maiora
595 1099 716 1138 sunt,
770 1094 949 1133 brevius
990 1107 1212 1146 exponam.
1281 1093 1370 1146 Ego
1416 1092 1573 1138 habeo,
1620 1092 1693 1130 cui

229 1152 351 1204 plUS,
383 1163 511 1203 quam
542 1149 645 1194 tibi,
679 1147 879 1197 debeam,
911 1150 1144 1188 neminem:
1177 1149 1336 1201 quibus
1366 1154 1534 1187 tantum
1568 1146 1694 1186 debe-

229 1207 351 1254 bam,
394 1210 607 1258 quantum
643 1211 693 1244 tu
731 1205 957 1257 intelligis,
1002 1217 1074 1243 eos
1113 1205 1242 1243 huius
1279 1204 1392 1242 mihi
1433 1203 1540 1243 belli
1570 1214 1694 1242 casus

231 1262 409 1314 eripuit.
467 1260 555 1311 Qui
586 1261 670 1298 sim
701 1265 843 1298 autem
875 1260 954 1298 hoc
986 1266 1199 1312 tempore,
1230 1260 1434 1312 intelligO.
1475 1256 1562 1296 Sed
1592 1258 1696 1310 quia

230 1329 356 1354 nemo
389 1321 452 1355 est
482 1322 569 1355 tam
600 1315 807 1359 afflictus,
840 1316 961 1367 quin,
994 1316 1029 1353 si
1059 1314 1167 1352 nihil
1189 1313 1307 1352 aliud
1329 1313 1514 1363 studeat,
1546 1315 1632 1351 nisi
1650 1311 1697 1351 id

229 1370 346 1424 quod
375 1372 483 1424 agit,
527 1371 665 1414 nossit
695 1382 855 1410 navare
886 1368 1054 1423 aliquid
1084 1377 1127 1409 et
1157 1370 1352 1415 efficere,
1396 1381 1523 1407 omne
1551 1380 1697 1407 meum

230 1427 484 1467 consilium,
533 1437 734 1478 operam,
780 1423 976 1464 studium
1020 1431 1139 1465 certe
1179 1425 1313 1467 velim
1354 1426 1575 1465 existimes
1615 1423 1697 1462 tibi

230 1484 406 1535 tuisque
436 1481 589 1520 liberis
621 1493 714 1520 esse
744 1479 957 1521 debitum.

232 1620 474 1663 Gutachten‚
513 1619 770 1664 Ausspriiche.
808 1638 855 1643 —-
893 1621 1118 1663 exploratius
1151 1631 1199 1652 Ξ
1233 1619 1389 1654 certius.
1424 1637 1472 1644 —-
1509 1617 1585 1660 Its,
1623 1617 1701 1652 Md.

233 1669 334 1702 Crat.
365 1668 468 1704 Vict.
496 1671 528 1702 1.
556 1669 589 1703 2.
619 1668 686 1702 His
713 1669 807 1701 enim
834 1680 863 1702 r.
895 1668 968 1702 ΟΒ.
999 1686 1038 1693 -
1066 1667 1263 1712 inferiores
1289 1666 1459 1702 Caesare.

329 1742 364 1774 6.
414 1740 673 1785 Philargyrus,
711 1739 876 1774 libertus
911 1740 954 1773 A.
981 1739 1182 1783 Torquati.
1219 1758 1266 1763 —
1306 1740 1435 1783 aliqua
1470 1748 1509 1770 re
1538 1737 1702 1780 publica,

234 1800 353 1822 wenn
392 1788 491 1821 auch
526 1799 603 1821 nur
639 1789 726 1821 eine
752 1788 823 1821 Art
848 1798 925 1821 von
953 1787 1151 1832 Republik
1179 1787 1332 1820 bleiben
1361 1786 1487 1819 sollte.
1538 1784 1576 1818 S.
1605 1784 1703 1818 oben

236 1840 267 1878 §-
296 1839 336 1870 ll:
375 1836 598 1880 quicunque
627 1841 745 1869 status
773 1843 828 1869 est
854 1838 1022 1869 futurus.
1060 1836 1139 1868 und
1167 1847 1224 1880 ep.
1251 1838 1332 1874 470,
1360 1837 1383 1869 9
1418 1845 1477 1866 am
1506 1832 1627 1865 Ende.
1656 1850 1704 1857 —-

235 1888 399 1929 suspensi
423 1897 543 1918 sumus
571 1884 882 1928 exspectatione,
910 1895 1025 1927 quem
1054 1891 1235 1917 eventum
1265 1884 1315 1917 sit
1342 1882 1489 1915 bellum
1519 1879 1704 1924 Hispani-

236 1944 326 1966 ense
353 1932 589 1966 habiturum.
639 1932 743 1965 SCH.
782 1950 827 1956 —-
863 1936 901 1965 ιή
930 1933 1013 1965 urhe
1040 1945 1101 1971 ea,
1129 1931 1302 1965 Athenis.
1331 1950 1377 1955 —
1417 1935 1450 1962 et
1476 1930 1578 1966 alta,
1624 1927 1705 1962 und

236 1980 416 2028 geniihrn
445 1991 634 2027 gezogen.
664 1999 710 2004 —
744 1983 842 2013 ratio
869 1993 911 2013 ac
936 1981 1142 2014 moderatio
1170 1983 1278 2013 vitae.
1306 1977 1596 2021 Philosophiam
1624 1986 1707 2009 mo-

238 2041 324 2062 rum
354 2029 547 2074 significat
576 2035 705 2060 natam
733 2028 773 2061 in
802 2028 933 2061 schola
949 2029 1146 2062 Socratica
1174 2027 1217 2060 ab
1246 2027 1405 2071 eiusque
1433 2024 1638 2067 discipulis
1669 2029 1707 2057 et

239 2076 519 2110 successoribus
549 2076 730 2115 Platone,
757 2076 992 2114 Aristotele,
1032 2076 1172 2110 Stoicis
1200 2076 1316 2108 altam
1347 2081 1384 2108 et
1411 2072 1702 2117 amplificatam.

239 2124 340 2157 SCH.
367 2143 412 2148 —
442 2124 516 2156 Ser.
545 2125 748 2169 Sulpicium
770 2124 956 2157 Graeciae
983 2124 1249 2169 praepositum
1278 2136 1296 2155 a
1319 2123 1486 2156 Caesare.
1515 2119 1552 2154 S.
1573 2132 1619 2152 zu
1634 2120 1705 2163 Ep.

239 2174 310 2207 365
338 2171 391 2204 im
420 2173 506 2205 Anf.
542 2191 588 2196 —
625 2177 659 2205 et
685 2174 889 2205 consilium.
941 2172 1108 2205 Omnino
1146 2172 1360 2204 cavendum
1397 2169 1517 2202 civile
1558 2167 1705 2201 bellum

240 2218 440 2263 Sulpicius
469 2220 605 2253 consul
632 2221 794 2253 censuit.
821 2220 1009 2254 MANUT.
1040 2219 1074 2252 S.
1098 2231 1155 2264 ep.
1183 2223 1273 2259 [1693
1302 2221 1428 2252 absens
1455 2216 1709 2261 cognoscebam

242 2275 315 2301 cet.
341 2286 386 2292 —--
412 2269 620 2312 potentiam
648 2268 832 2303 Caesaris.
882 2270 964 2303 Zur
989 2267 1224 2315 Erkl'arung
1250 2267 1367 2301 dieue
1403 2276 1462 2310 ep.
1490 2267 1582 2300 470:
1625 2265 1710 2298 nolo

243 2315 338 2355 bunc
365 2319 572 2349 eccz'sl‘imccre
598 2323 670 2351 cet.

340 2401 373 2434 7.
425 2402 585 2445 cripuit,
624 2406 667 2434 ut
694 2401 763 2434 Cn.
793 2400 1020 2445 Pompeium
1064 2406 1101 2433 et
1135 2400 1172 2436 P,
1208 2399 1419 2433 Lentulum
1459 2396 1500 2429 in
1535 2393 1711 2439 Aegypto

244 2447 401 2481 occisos.
427 2466 472 2472 —
513 2449 583 2491 Oui
608 2451 678 2481 sim
705 2449 738 2481 d.
768 2449 790 2483 i.
819 2449 896 2482 wie
923 2449 1057 2495 wenig·
1084 2448 1149 2480 ich
1179 2448 1269 2481 ietzt
1298 2448 1415 2494 gelte.
1449 2462 1497 2468 -—
1533 2442 1711 2486 afflictus,

244 2496 424 2542 gebeugt‚
453 2508 501 2528 zu
529 2495 657 2533 Boden
687 2497 938 2543 geschlagen,
965 2496 1232 2542 zerschlagen,
1264 2516 1304 2520 —
1332 2498 1365 2529 si
1392 2492 1489 2526 nihil
1511 2493 1618 2525 aliud
1639 2495 1714 2523 stu-

246 2544 341 2583 deat,
368 2546 441 2576 nisi
467 2544 508 2577 id
532 2545 628 2589 quod
651 2547 745 2589 agit,
773 2556 891 2577 wenn
920 2555 962 2577 er
990 2556 1027 2577 es
1054 2555 1131 2576 nur
1156 2545 1224 2576 auf
1241 2543 1333 2583 Das,
1361 2553 1438 2576 was
1466 2550 1508 2573 er
1534 2537 1713 2579 betreibt,

248 2591 439 2624 ernstlich
465 2592 611 2639 anlegt.
662 2593 710 2626 So
739 2593 878 2626 studere
904 2604 993 2625 cum
1021 2603 1143 2625 accus.
1171 2592 1213 2623 in
1242 2592 1343 2625 Orat.
1371 2588 1540 2632 Philipp.
1568 2586 1643 2626 VI,
1669 2587 1712 2626 73

247 2650 370 2670 unum
393 2639 576 2680 studetis3
604 2640 761 2674 Terent.
790 2641 909 2674 Andr.
935 2643 966 2680 1,
995 2642 1026 2681 1,
1046 2642 1111 2678 28:
1142 2639 1273 2672 eadem
1298 2639 1473 2675 student3
1508 2636 1713 2669 Heautont.

250 2686 305 2727 Π,
334 2688 376 2728 4,
406 2689 444 2725 1:
481 2687 522 2722 id
549 2688 744 2730 studuisti,
771 2694 822 2724 ut.
875 2689 994 2725 Plaut.
1022 2688 1104 2723 Mil.
1135 2687 1186 2730 V,
1223 2689 1287 2721 44:
1328 2686 1396 2722 has
1430 2694 1491 2717 res
1525 2682 1715 2717 studeant.
