1795 3081
225 71 322 118 352
491 71 556 118 M.
593 69 643 115 T.
681 69 1023 120 CICERONIS
1058 69 1440 121 EPISTOLAE.

224 191 585 230 coniunctissima
624 191 749 229 fuisti
791 204 961 231 mecum
1006 197 1050 230 et
1093 193 1310 231 sententia
1359 198 1403 231 et
1445 193 1690 243 voluntate,

226 245 377 285 eadem
407 247 637 301 cogitares,
696 246 860 302 Magna
898 247 1015 285 enim
1055 249 1299 286 consolatio
1332 254 1409 298 est,
1456 261 1590 299 quum
1620 261 1689 287 re-

227 300 429 350 cordare,
471 303 603 339 etiarn
633 302 670 339 si
700 315 822 340 secus
862 301 1088 347 acciderit,
1135 308 1179 341 tc
1216 309 1362 341 tamen
1404 309 1524 342 recte
1562 316 1689 342 vere-

226 369 310 408 que
341 356 536 395 sensisse.
594 355 736 407 Atque
776 359 944 396 utinam
982 357 1116 395 liceat
1153 358 1389 409 aliquando
1431 358 1581 409 aliquo
1623 359 1691 397 rci

224 412 428 464 publicae
459 417 576 450 statu
605 424 683 449 nos
714 413 804 449 frui
835 413 952 450 inter
981 424 1148 464 nosque
1190 414 1395 451 conferre
1425 412 1690 452 sollicitudi-

224 479 299 505 nes
327 471 513 516 nostras,
552 479 657 518 quas
697 468 960 518 pertulimus
1001 473 1110 515 tum,
1150 480 1283 518 quum
1322 466 1469 506 timidi
1506 469 1691 520 putaba-

181 524 207 564 3
225 534 339 572 mur,
372 522 475 573 quia
504 520 754 560 dicebamus
784 535 832 561 ea
862 524 1026 571 futura,
1058 534 1168 573 quae
1198 524 1315 560 facta
1343 528 1456 560 sunt.
1506 523 1572 561 De
1602 524 1691 562 tuis

225 577 356 615 rebus
384 576 499 614 nihil
529 589 634 626 esse,
680 576 796 628 quod
825 578 996 625 timeas,
1040 583 1219 628 praeter
1248 578 1482 615 universae
1513 579 1579 616 rei
1608 592 1690 629 pu-

224 632 367 670 blicae
396 632 642 681 interitum,
674 632 756 670 tibi
788 633 1029 670 confirmo:
1073 630 1126 670 de
1162 645 1231 671 me
1267 638 1413 670 autem
1450 633 1513 670 sic
1552 634 1690 672 velim

224 686 405 736 iudices,
449 692 662 737 quantum
703 700 786 742 ego
827 688 1004 740 possim,
1048 700 1117 724 me
1148 687 1242 734 tibi,
1284 688 1418 726 saluti
1447 694 1548 727 tuae
1580 688 1689 727 libe-

224 743 373 795 risque
404 743 490 781 tuis
519 755 687 780 summo
729 756 828 782 cum
867 741 1013 782 studio
1053 748 1229 794 praesto
1268 755 1440 795 semper
1474 744 1686 784 futurum.

377 926 692 977 EPISTOLA
727 926 1000 977 DXCVIII.
1057 927 1138 986 (ad
1174 927 1276 974 Au.
1312 928 1437 974 XIII.
1471 927 1536 985 7.)

246 1016 327 1050 Ser.
356 1015 399 1049 in
425 1016 643 1050 Tusculano
670 1027 701 1050 a.
729 1016 764 1051 d.
792 1016 859 1051 v1.
886 1016 941 1050 Id.
972 1016 1102 1059 Quint.
1129 1017 1171 1050 A.
1199 1017 1245 1050 U.
1273 1016 1312 1050 c.
1339 1019 1420 1052 709.
1455 1018 1502 1058 (a.
1522 1016 1562 1050 c.
1587 1015 1661 1058 45.)

222 1088 320 1131 Quid
345 1087 487 1122 Sestius
516 1100 534 1121 e
558 1088 728 1122 Caesaris
754 1088 885 1122 literis
912 1095 950 1122 et
975 1088 1020 1122 de
1044 1089 1210 1122 Lentulo
1240 1087 1472 1128 narraverit,
1512 1088 1684 1132 exponit.

443 1138 476 1170 1.
503 1136 669 1170 Brutum
695 1137 738 1169 in
765 1136 1026 1170 Tusculanum
1053 1136 1203 1170 venisse
1230 1137 1397 1170 nuntiat.
1424 1138 1458 1175 2.

725 1207 907 1242 CICERO
934 1207 1111 1241 ATTICO
1140 1206 1176 1240 S.

332 1279 500 1321 Sestius
531 1279 649 1333 apud
678 1293 747 1320 me
778 1280 865 1320 fuit
893 1286 936 1320 et
964 1279 1274 1334 Theopompus
1305 1278 1471 1332 pridie:
1511 1280 1686 1320 venisse

219 1351 245 1376 a
270 1336 454 1378 Caesare
484 1336 693 1375 narrabat
722 1335 898 1384 litera33
932 1334 1014 1374 hoc
1045 1336 1252 1384 scribere,
1283 1336 1367 1373 sibi
1397 1340 1564 1374 certum
1595 1347 1687 1374 esse

217 1392 382 1431 Romae
410 1404 610 1440 manere,
641 1403 905 1444 causamque
935 1403 1030 1429 eam
1059 1389 1330 1436 adscribere,
1373 1402 1484 1442 quae
1514 1395 1609 1428 erat
1638 1392 1687 1428 in

219 1447 406 1500 epistola
437 1452 605 1491 nostra,
648 1458 702 1483 ne
738 1458 784 1484 se
823 1446 1002 1485 absente
1039 1445 1158 1498 leges
1197 1457 1301 1484 suae
1341 1445 1684 1500 negligerentur,

218 1505 334 1541 sicut
364 1508 477 1540 esset
504 1501 705 1554 neglecta
735 1502 1024 1553 sumptuaria.
1083 1501 1158 1538 Est
1182 1492 1381 1553 εὔλογονε
1414 1499 1545 1553 idque
1567 1513 1686 1540 eram

218 1558 478 1610 suspicatus.
548 1555 635 1596 Sed
663 1557 758 1595 istis
789 1569 881 1595 mos
911 1554 1130 1610 gerendus
1162 1561 1249 1604 est3
1289 1556 1374 1594 nisi
1404 1553 1687 1608 placetshanc

311 1673 345 1706 2.
397 1673 482 1717 qui.
499 1672 719 1710 ‚volunta-te,
747 1668 815 1701 der
826 1669 886 1701 Du
897 1669 1144 1715 Meinungen,
1173 1669 1412 1703 Grunds'zitze
1437 1668 1517 1701 und
1529 1668 1686 1703 VVillen

216 1723 307 1752 stets
333 1717 405 1750 mit
430 1718 506 1750 mir
532 1717 716 1750 theiltest.
743 1735 790 1740 —
817 1718 1019 1750 recordare.
1056 1717 1187 1749 Lamb.
1217 1717 1435 1763 Ma1·t.-Lag.
1469 1716 1555 1749 Sch«
1586 1717 1682 1749 Liin.

216 1768 409 1800 recordere.
448 1765 521 1799 Sed
547 1770 697 1809 tempus
730 1764 995 1812 significatur:
1033 1771 1129 1804 tum,
1166 1777 1273 1810 quum
1306 1764 1507 1798 recordare.
1536 1765 1610 1797 ΟΒ.
1641 1782 1683 1788 -

216 1817 360 1860 aliquo.
376 1819 514 1854 .sz‘atu,
542 1813 604 1846 (les
630 1813 832 1845 Freistaats
859 1813 899 1844 in
926 1812 1066 1859 irgend
1093 1813 1203 1845 einer
1230 1812 1377 1846 Gestalt
1402 1825 1449 1844 zu
1467 1811 1681 1859 geniessen,

214 1875 286 1895 uns
313 1874 360 1895 zu
387 1863 578 1895 erfreuen.
606 1878 651 1884 —-
676 1863 772 1893 inter
789 1872 922 1905 nosque
940 1859 1036 1902 conf.
1057 1862 1172 1893 sollio.
1200 1872 1249 1900 72„
1276 1861 1355 1893 und
1381 1861 1433 1892 im
1460 1859 1684 1893 traulichen

217 1909 436 1954 Gespr'a'che
463 1921 533 1941 uns
560 1908 619 1941 die
645 1908 892 1956 Besorgnisse
918 1907 1063 1941 wieder
1088 1908 1157 1940 in's
1181 1907 1435 1941 Ged'achtni'ss
1462 1907 1609 1940 zuriick
1634 1919 1682 1940 zu

214 1959 342 1998 ruferi,
369 1957 518 1992 wieder
544 1956 829 1989 anzufrischen.
881 1956 1009 1989 Ueber
1034 1958 1132 1989 inter
1156 1968 1290 2003 nosque
1316 1969 1343 1990 s.
1372 1955 1525 1989 Ramsh.
1543 1956 1572 1999 §.
1600 1958 1682 1997 179,

213 2006 256 2048 B,
283 2018 316 2046 a,
344 2009 378 2042 1.
413 2005 560 2039 Grotef.
589 2005 616 2047 §.
644 2007 726 2046 360,
753 2004 865 2036 Anm.
893 2004 927 2038 5.

309 2068 342 2103 3.
394 2067 449 2099 De
482 2067 558 2098 tuis
595 2066 711 2103 rebus,
764 2064 805 2096 in
839 2063 1020 2097 Hinsicht
1057 2063 1204 2098 Deiner
1241 2063 1402 2112 eigenen
1437 2062 1682 2111 Angelegen-

214 2112 360 2147 heiten.
389 2132 432 2139 —
459 2116 658 2147 interitum.
689 2111 774 2160 Vgl.
802 2123 859 2156 ep.
887 2114 970 2154 517,
998 2115 1030 2146 1.
1057 2113 1091 2150 2,
1120 2113 1164 2147 6:
1193 2117 1256 2145 aut
1279 2112 1429 2158 perdita
1455 2117 1524 2146 cet.

312 2187 341 2218 1.
393 2185 430 2219 P.
459 2184 606 2217 Sestius.
657 2183 693 2217 S.
721 2195 769 2216 zu
797 2193 853 2227 ep.
878 2182 958 2217 XV.
987 2182 1042 2216 im
1062 2184 1150 2217 Anf.
1167 2202 1214 2207 -—
1239 2182 1486 2228 Theopompus
1507 2182 1680 2224 Cnidius,
1705 2178 1707 2180 ’

213 2233 424 2265 familiaris
460 2231 639 2266 Caesaris.
693 2231 783 2277 vgl.
809 2230 924 2272 XIII,
953 2232 986 2265 6.
1039 2231 1084 2264 ad
1113 2229 1151 2271 Q.
1179 2231 1302 2265 Fratr.
1332 2234 1362 2266 1.
1388 2233 1422 2267 2.
1449 2233 1482 2267 2.
1522 2248 1567 2256 -
1614 2231 1681 2264 hoc

213 2280 340 2315 weis’t
366 2281 435 2313 auf
456 2278 529 2312 den
554 2279 650 2325 folg.
678 2279 783 2313 Satz:
822 2280 897 2311 sibi
921 2284 1005 2312 cert.
1035 2284 1127 2318 cet.,
1163 2289 1206 2311 er
1241 2279 1296 2312 sei
1330 2278 1605 2314 entschlossen.
1633 2297 1681 2304 —·

211 2329 432 2369 adscribere,
461 2327 578 2359 f'tihre
604 2338 664 2359 an.
695 2346 736 2351 —
764 2330 804 2360 in
831 2339 882 2370 ep.
914 2331 1065 2368 nostra,
1092 2337 1207 2368 quam
1235 2326 1374 2360 Cicero
1402 2327 1448 2359 ad
1476 2326 1678 2360 Caesarem

215 2376 438 2420 scripserat,
466 2373 619 2413 deinde,
647 2385 766 2417 quum
794 2375 919 2408 nollet
946 2386 1028 2407 eain
1057 2374 1423 2413 eCaesarianorum,
1453 2374 1521 2417 qui
1537 2374 1678 2407 Romae

216 2430 355 2466 essent,
384 2423 573 2457 sententia
600 2422 813 2469 corrigere,
841 2421 1072 2455 mittendam
1093 2432 1170 2454 non
1190 2421 1354 2466 putavit.
1382 2422 1437 2456 Cf.
1458 2432 1517 2466 ep.
1539 2423 1623 2463 591,
1641 2425 1676 2457 3.

213 2472 319 2505 SCH.
348 2489 391 2496 -
427 2470 585 2515 εὔλογον,
613 2469 957 2504 wahrscheinlich.
984 2488 1032 2494 —
1067 2472 1150 2502 istis
1175 2497 1183 2503 .
1211 2495 1218 2502 .
1248 2495 1255 2501 .
1281 2470 1458 2514 gerendus
1484 2474 1552 2508 est,
1591 2470 1617 2502 i.
1646 2480 1675 2503 e.

211 2519 276 2552 sed
304 2519 405 2559 illos,
432 2517 613 2563 Oppium,
640 2517 801 2550 Balbum
828 2517 929 2550 mihi
957 2527 1106 2550 morem
1133 2527 1271 2563 gerere
1298 2523 1462 2561 oportet,
1496 2522 1538 2549 ut
1563 2527 1676 2561 pror-

213 2579 273 2599 sus
300 2567 516 2600 omittatur.
563 2563 629 2597 Sic
655 2565 701 2597 de
728 2565 830 2598 Orat.
859 2568 893 2605 1,
922 2576 952 2598 c.
978 2567 1044 2600 23:
1085 2566 1261 2610 gerendus
1294 2571 1346 2598 est
1380 2567 1452 2598 tibi
1483 2576 1560 2598 mos
1591 2565 1677 2597 ado-

211 2616 431 2649 lescentibus.
457 2613 556 2647 SCH.
587 2612 846 2646 WIELAND:
871 2612 937 2645 ich
962 2611 1095 2646 werde
1121 2612 1213 2645 aber
1237 2611 1356 2645 sehon
1385 2611 1486 2646 thun
1512 2613 1675 2651 miissen,

211 2662 304 2696 VVas
324 2662 385 2696 die
405 2668 524 2710 guten
540 2660 721 2694 Freunde
746 2659 872 2693 haben
899 2660 1069 2694 wollen:
1099 2671 1135 2693 es
1162 2661 1268 2695 w'aire
1295 2660 1410 2700 denn,
1438 2660 1498 2696 Du
1516 2659 1677 2693 hieltest

210 2711 276 2743 fiir
301 2710 448 2752 besser,
490 2713 571 2745 dass
596 2708 662 2742 ich
688 2707 751 2742 bei
785 2707 940 2742 meiner
964 2707 1154 2755 Meinung
1193 2707 1287 2751 (den
1313 2708 1424 2742 Brief
1447 2707 1587 2741 nicht
1611 2706 1675 2739 ab·
