<?xml version="1.0" encoding="UTF-8"?>
<!DOCTYPE html PUBLIC "-//W3C//DTD XHTML 1.0 Transitional//EN"
    "http://www.w3.org/TR/xhtml1/DTD/xhtml1-transitional.dtd">
<html xmlns="http://www.w3.org/1999/xhtml" xml:lang="en" lang="en">
 <head>
  <title>
</title>
<meta http-equiv="Content-Type" content="text/html;charset=utf-8" />
  <meta name='ocr-system' content='tesseract 3.04.00' />
  <meta name='ocr-capabilities' content='ocr_page ocr_carea ocr_par ocr_line ocrx_word'/>
</head>
<body>
  <div class='ocr_page' id='page_1' title='image "./epistolaeadattic03ciceuoft_0269.png"; bbox 0 0 1795 3081; ppageno 0'>
   <div class='ocr_carea' id='block_1_1' title="bbox 0 2683 8 2849">
    <p class='ocr_par' dir='ltr' id='par_1_1' title="bbox 0 2683 8 2849">
     <span class='ocr_line' id='line_1_1' title="bbox 0 2683 8 2849; textangle 90"><span class='ocrx_word' id='word_1_1' title='bbox 0 2683 8 2849; x_wconf 38' lang='lat' dir='ltr'><strong>.;.„l„,.&lt;a.=.-</strong></span> 
     </span>
    </p>
   </div>
   <div class='ocr_carea' id='block_1_2' title="bbox 566 85 1560 142">
    <p class='ocr_par' dir='ltr' id='par_1_2' title="bbox 566 85 1560 142">
     <span class='ocr_line' id='line_1_2' title="bbox 566 85 1560 142; baseline 0.003 -4"><span class='ocrx_word' id='word_1_2' title='bbox 566 85 886 138; x_wconf 88' lang='lat' dir='ltr'><strong>EPISTOLA</strong></span> <span class='ocrx_word' id='word_1_3' title='bbox 918 87 1075 138; x_wconf 90' lang='lat' dir='ltr'><strong>DXL.</strong></span> <span class='ocrx_word' id='word_1_4' title='bbox 1461 94 1560 142; x_wconf 84' lang='lat'><strong>259</strong></span> 
     </span>
    </p>
   </div>
   <div class='ocr_carea' id='block_1_3' title="bbox 91 206 1558 323">
    <p class='ocr_par' dir='ltr' id='par_1_3' title="bbox 91 206 1558 323">
     <span class='ocr_line' id='line_1_3' title="bbox 92 206 1558 265; baseline -0.001 -11"><span class='ocrx_word' id='word_1_5' title='bbox 92 212 187 254; x_wconf 91' lang='lat' dir='ltr'><strong>mul</strong></span> <span class='ocrx_word' id='word_1_6' title='bbox 219 224 271 252; x_wconf 88' lang='lat' dir='ltr'><strong>ac</strong></span> <span class='ocrx_word' id='word_1_7' title='bbox 301 211 501 253; x_wconf 82' lang='lat' dir='ltr'><strong>redierit.</strong></span> <span class='ocrx_word' id='word_1_8' title='bbox 559 208 639 250; x_wconf 89' lang='lat' dir='ltr'><strong>Sin</strong></span> <span class='ocrx_word' id='word_1_9' title='bbox 677 208 758 249; x_wconf 91' lang='lat' dir='ltr'><strong>ille</strong></span> <span class='ocrx_word' id='word_1_10' title='bbox 795 206 984 259; x_wconf 80' lang='lat' dir='ltr'><strong>tardius,</strong></span> <span class='ocrx_word' id='word_1_11' title='bbox 1027 220 1109 265; x_wconf 77' lang='lat' dir='ltr'><strong>ego</strong></span> <span class='ocrx_word' id='word_1_12' title='bbox 1147 215 1294 251; x_wconf 88' lang='lat' dir='ltr'><strong>tamen</strong></span> <span class='ocrx_word' id='word_1_13' title='bbox 1331 207 1558 261; x_wconf 77' lang='lat' dir='ltr'><strong>triduum3</strong></span> 
     </span>
     <span class='ocr_line' id='line_1_4' title="bbox 91 264 1198 323; baseline -0.004 -14"><span class='ocrx_word' id='word_1_14' title='bbox 91 275 149 321; x_wconf 84' lang='lat' dir='ltr'><strong>et,</strong></span> <span class='ocrx_word' id='word_1_15' title='bbox 180 267 298 323; x_wconf 88' lang='lat' dir='ltr'><strong>quod</strong></span> <span class='ocrx_word' id='word_1_16' title='bbox 326 266 556 322; x_wconf 86' lang='lat' dir='ltr'><strong>praeterii,</strong></span> <span class='ocrx_word' id='word_1_17' title='bbox 584 264 820 306; x_wconf 86' lang='lat' dir='ltr'>Dolabella</span> <span class='ocrx_word' id='word_1_18' title='bbox 849 265 984 304; x_wconf 87' lang='lat' dir='ltr'><strong>etiam</strong></span> <span class='ocrx_word' id='word_1_19' title='bbox 1012 277 1198 306; x_wconf 85' lang='lat' dir='ltr'><strong>mecum.</strong></span> 
     </span>
    </p>
   </div>
   <div class='ocr_carea' id='block_1_4' title="bbox 283 447 1357 513">
    <p class='ocr_par' dir='ltr' id='par_1_4' title="bbox 283 447 1357 513">
     <span class='ocr_line' id='line_1_5' title="bbox 283 447 1357 513; baseline -0.003 -11"><span class='ocrx_word' id='word_1_20' title='bbox 283 449 605 503; x_wconf 84' lang='lat' dir='ltr'>EPISTOLA</span> <span class='ocrx_word' id='word_1_21' title='bbox 638 447 795 500; x_wconf 88' lang='lat' dir='ltr'><strong>DXL.</strong></span> <span class='ocrx_word' id='word_1_22' title='bbox 852 448 934 510; x_wconf 78' lang='lat' dir='ltr'><strong>(ad</strong></span> <span class='ocrx_word' id='word_1_23' title='bbox 969 451 1073 500; x_wconf 86' lang='lat' dir='ltr'><strong>Att.</strong></span> <span class='ocrx_word' id='word_1_24' title='bbox 1110 449 1218 502; x_wconf 84' lang='grc' dir='ltr'><strong>ΧΠ,</strong></span> <span class='ocrx_word' id='word_1_25' title='bbox 1255 452 1357 513; x_wconf 79' lang='lat'><strong>22.)</strong></span> 
     </span>
    </p>
   </div>
   <div class='ocr_carea' id='block_1_5' title="bbox 238 540 1397 584">
    <p class='ocr_par' dir='ltr' id='par_1_5' title="bbox 238 540 1397 584">
     <span class='ocr_line' id='line_1_6' title="bbox 238 540 1397 584; baseline -0.003 -6"><span class='ocrx_word' id='word_1_26' title='bbox 238 543 321 579; x_wconf 86' lang='lat' dir='ltr'><strong>Scr.</strong></span> <span class='ocrx_word' id='word_1_27' title='bbox 347 543 506 577; x_wconf 87' lang='lat' dir='ltr'><strong>Asturae</strong></span> <span class='ocrx_word' id='word_1_28' title='bbox 531 552 662 576; x_wconf 86' lang='lat' dir='ltr'><strong>mense</strong></span> <span class='ocrx_word' id='word_1_29' title='bbox 687 540 824 576; x_wconf 86' lang='lat' dir='ltr'><strong>Martio</strong></span> <span class='ocrx_word' id='word_1_30' title='bbox 850 540 894 575; x_wconf 88' lang='lat' dir='ltr'><strong>A.</strong></span> <span class='ocrx_word' id='word_1_31' title='bbox 922 541 967 575; x_wconf 93' lang='lat' dir='ltr'><strong>U.</strong></span> <span class='ocrx_word' id='word_1_32' title='bbox 995 540 1036 575; x_wconf 87' lang='lat' dir='ltr'><strong>C.</strong></span> <span class='ocrx_word' id='word_1_33' title='bbox 1064 543 1145 578; x_wconf 87' lang='grc'><strong>709.</strong></span> <span class='ocrx_word' id='word_1_34' title='bbox 1173 542 1221 584; x_wconf 86' lang='lat' dir='ltr'><strong>(a.</strong></span> <span class='ocrx_word' id='word_1_35' title='bbox 1250 542 1292 578; x_wconf 85' lang='lat' dir='ltr'><strong>C.</strong></span> <span class='ocrx_word' id='word_1_36' title='bbox 1318 542 1397 584; x_wconf 74' lang='lat'>45.)</span> 
     </span>
    </p>
   </div>
   <div class='ocr_carea' id='block_1_6' title="bbox 91 611 1554 757">
    <p class='ocr_par' dir='ltr' id='par_1_6' title="bbox 91 611 1554 757">
     <span class='ocr_line' id='line_1_7' title="bbox 91 611 1554 665; baseline -0.001 -17"><span class='ocrx_word' id='word_1_37' title='bbox 91 616 222 665; x_wconf 78' lang='lat' dir='ltr'><strong>Rogat,</strong></span> <span class='ocrx_word' id='word_1_38' title='bbox 256 619 299 648; x_wconf 87' lang='lat' dir='ltr'><strong>ut</strong></span> <span class='ocrx_word' id='word_1_39' title='bbox 331 613 542 662; x_wconf 84' lang='lat' dir='ltr'>negotium,</span> <span class='ocrx_word' id='word_1_40' title='bbox 580 613 683 657; x_wconf 88' lang='lat' dir='ltr'><strong>quod</strong></span> <span class='ocrx_word' id='word_1_41' title='bbox 714 613 763 646; x_wconf 81' lang='lat' dir='ltr'><strong>ad</strong></span> <span class='ocrx_word' id='word_1_42' title='bbox 795 611 1016 647; x_wconf 81' lang='lat' dir='ltr'><strong>Terentiam</strong></span> <span class='ocrx_word' id='word_1_43' title='bbox 1051 613 1248 654; x_wconf 84' lang='lat' dir='ltr'><strong>attinebat,</strong></span> <span class='ocrx_word' id='word_1_44' title='bbox 1284 613 1480 657; x_wconf 84' lang='lat' dir='ltr'><strong>suscipiat.</strong></span> <span class='ocrx_word' id='word_1_45' title='bbox 1519 617 1554 649; x_wconf 85' lang='lat'><strong>1.</strong></span> 
     </span>
     <span class='ocr_line' id='line_1_8' title="bbox 161 660 1481 708; baseline 0 -13"><span class='ocrx_word' id='word_1_46' title='bbox 161 662 421 708; x_wconf 85' lang='lat' dir='ltr'><strong>quaestionem</strong></span> <span class='ocrx_word' id='word_1_47' title='bbox 449 661 494 695; x_wconf 89' lang='lat' dir='ltr'><strong>de</strong></span> <span class='ocrx_word' id='word_1_48' title='bbox 522 661 657 695; x_wconf 82' lang='lat' dir='ltr'><strong>Clodia</strong></span> <span class='ocrx_word' id='word_1_49' title='bbox 682 660 878 706; x_wconf 85' lang='lat' dir='ltr'><strong>proponit.</strong></span> <span class='ocrx_word' id='word_1_50' title='bbox 914 662 949 696; x_wconf 88' lang='grc'><strong>2.</strong></span> <span class='ocrx_word' id='word_1_51' title='bbox 994 661 1040 695; x_wconf 88' lang='lat' dir='ltr'><strong>de</strong></span> <span class='ocrx_word' id='word_1_52' title='bbox 1065 661 1189 695; x_wconf 80' lang='lat' dir='ltr'><strong>hortis</strong></span> <span class='ocrx_word' id='word_1_53' title='bbox 1214 663 1302 696; x_wconf 83' lang='lat' dir='ltr'><strong>fano</strong></span> <span class='ocrx_word' id='word_1_54' title='bbox 1328 662 1481 696; x_wconf 84' lang='lat' dir='ltr'><strong>Tulliae</strong></span> 
     </span>
     <span class='ocr_line' id='line_1_9' title="bbox 413 708 1226 757; baseline 0 -13"><span class='ocrx_word' id='word_1_55' title='bbox 413 708 643 744; x_wconf 79' lang='lat' dir='ltr'><strong>exstruendo</strong></span> <span class='ocrx_word' id='word_1_56' title='bbox 670 708 840 743; x_wconf 85' lang='lat' dir='ltr'><strong>emendis</strong></span> <span class='ocrx_word' id='word_1_57' title='bbox 866 709 1007 743; x_wconf 86' lang='lat' dir='ltr'><strong>iterum</strong></span> <span class='ocrx_word' id='word_1_58' title='bbox 1033 714 1154 757; x_wconf 83' lang='lat' dir='ltr'><strong>rogat.</strong></span> <span class='ocrx_word' id='word_1_59' title='bbox 1190 712 1226 746; x_wconf 88' lang='lat'><strong>3.</strong></span> 
     </span>
    </p>
   </div>
   <div class='ocr_carea' id='block_1_7' title="bbox 585 790 1052 827">
    <p class='ocr_par' dir='ltr' id='par_1_7' title="bbox 585 790 1052 827">
     <span class='ocr_line' id='line_1_10' title="bbox 585 790 1052 827; baseline -0.004 0"><span class='ocrx_word' id='word_1_60' title='bbox 585 791 762 827; x_wconf 86' lang='lat' dir='ltr'>CICERO</span> <span class='ocrx_word' id='word_1_61' title='bbox 800 791 978 827; x_wconf 85' lang='lat' dir='ltr'>ATTICO</span> <span class='ocrx_word' id='word_1_62' title='bbox 1014 790 1052 825; x_wconf 91' lang='lat' dir='ltr'><strong>S.</strong></span> 
     </span>
    </p>
   </div>
   <div class='ocr_carea' id='block_1_8' title="bbox 85 863 1593 1643">
    <p class='ocr_par' dir='ltr' id='par_1_8' title="bbox 85 863 1593 1643">
     <span class='ocr_line' id='line_1_11' title="bbox 197 863 1554 921; baseline 0.002 -14"><span class='ocrx_word' id='word_1_63' title='bbox 197 866 265 907; x_wconf 88' lang='lat' dir='ltr'><strong>De</strong></span> <span class='ocrx_word' id='word_1_64' title='bbox 303 865 531 916; x_wconf 86' lang='lat' dir='ltr'><strong>Terentia,</strong></span> <span class='ocrx_word' id='word_1_65' title='bbox 574 863 694 919; x_wconf 86' lang='lat' dir='ltr'><strong>quod</strong></span> <span class='ocrx_word' id='word_1_66' title='bbox 734 864 845 904; x_wconf 91' lang='lat' dir='ltr'><strong>mihi</strong></span> <span class='ocrx_word' id='word_1_67' title='bbox 897 877 1026 905; x_wconf 87' lang='lat' dir='ltr'><strong>omne</strong></span> <span class='ocrx_word' id='word_1_68' title='bbox 1066 877 1175 904; x_wconf 85' lang='lat' dir='ltr'><strong>onus</strong></span> <span class='ocrx_word' id='word_1_69' title='bbox 1214 866 1421 921; x_wconf 84' lang='lat' dir='ltr'><strong>imponis,</strong></span> <span class='ocrx_word' id='word_1_70' title='bbox 1464 882 1554 910; x_wconf 83' lang='lat' dir='ltr'><strong>non</strong></span> 
     </span>
     <span class='ocr_line' id='line_1_12' title="bbox 90 919 1555 978; baseline 0.003 -17"><span class='ocrx_word' id='word_1_71' title='bbox 90 935 307 978; x_wconf 80' lang='lat' dir='ltr'><strong>cognosco</strong></span> <span class='ocrx_word' id='word_1_72' title='bbox 336 929 457 962; x_wconf 87' lang='lat' dir='ltr'><strong>tuam</strong></span> <span class='ocrx_word' id='word_1_73' title='bbox 485 921 533 959; x_wconf 86' lang='lat' dir='ltr'><strong>in</strong></span> <span class='ocrx_word' id='word_1_74' title='bbox 561 934 632 961; x_wconf 87' lang='lat' dir='ltr'><strong>me</strong></span> <span class='ocrx_word' id='word_1_75' title='bbox 660 920 993 976; x_wconf 81' lang='lat' dir='ltr'><strong>indulgentiam.</strong></span> <span class='ocrx_word' id='word_1_76' title='bbox 1053 919 1140 960; x_wconf 87' lang='lat' dir='ltr'><strong>Ista</strong></span> <span class='ocrx_word' id='word_1_77' title='bbox 1173 923 1291 962; x_wconf 86' lang='lat' dir='ltr'><strong>enim</strong></span> <span class='ocrx_word' id='word_1_78' title='bbox 1327 931 1429 964; x_wconf 87' lang='lat' dir='ltr'><strong>sunt</strong></span> <span class='ocrx_word' id='word_1_79' title='bbox 1458 926 1555 978; x_wconf 84' lang='lat' dir='ltr'><strong>ipsa</strong></span> 
     </span>
     <span class='ocr_line' id='line_1_13' title="bbox 89 977 1552 1034; baseline 0.003 -17"><span class='ocrx_word' id='word_1_80' title='bbox 89 980 291 1029; x_wconf 65' lang='lat' dir='ltr'><strong>vulnera,</strong></span> <span class='ocrx_word' id='word_1_81' title='bbox 328 990 440 1031; x_wconf 78' lang='lat' dir='ltr'><strong>quae</strong></span> <span class='ocrx_word' id='word_1_82' title='bbox 468 989 556 1015; x_wconf 90' lang='lat' dir='ltr'><strong>non</strong></span> <span class='ocrx_word' id='word_1_83' title='bbox 586 989 763 1029; x_wconf 88' lang='lat' dir='ltr'><strong>possum</strong></span> <span class='ocrx_word' id='word_1_84' title='bbox 799 982 993 1016; x_wconf 84' lang='lat' dir='ltr'><strong>tractare</strong></span> <span class='ocrx_word' id='word_1_85' title='bbox 1029 977 1121 1015; x_wconf 87' lang='lat' dir='ltr'><strong>sine</strong></span> <span class='ocrx_word' id='word_1_86' title='bbox 1151 979 1341 1017; x_wconf 80' lang='lat' dir='ltr'><strong>maximo</strong></span> <span class='ocrx_word' id='word_1_87' title='bbox 1372 982 1552 1034; x_wconf 79' lang='lat' dir='ltr'><strong>gemitu.</strong></span> 
     </span>
     <span class='ocr_line' id='line_1_14' title="bbox 89 1030 1552 1089; baseline 0.001 -16"><span class='ocrx_word' id='word_1_88' title='bbox 89 1033 329 1074; x_wconf 84' lang='lat' dir='ltr'><strong>Moderare</strong></span> <span class='ocrx_word' id='word_1_89' title='bbox 367 1034 523 1089; x_wconf 83' lang='lat' dir='ltr'><strong>igitur,</strong></span> <span class='ocrx_word' id='word_1_90' title='bbox 574 1044 752 1085; x_wconf 82' lang='lat' dir='ltr'><strong>quaeso,</strong></span> <span class='ocrx_word' id='word_1_91' title='bbox 798 1038 849 1070; x_wconf 80' lang='lat' dir='ltr'><strong>ut</strong></span> <span class='ocrx_word' id='word_1_92' title='bbox 886 1037 1022 1084; x_wconf 89' lang='lat' dir='ltr'><strong>potes.</strong></span> <span class='ocrx_word' id='word_1_93' title='bbox 1093 1030 1249 1084; x_wconf 81' lang='lat' dir='ltr'><strong>Neque</strong></span> <span class='ocrx_word' id='word_1_94' title='bbox 1285 1036 1402 1073; x_wconf 88' lang='lat' dir='ltr'><strong>enim</strong></span> <span class='ocrx_word' id='word_1_95' title='bbox 1440 1049 1465 1075; x_wconf 81' lang='lat' dir='ltr'><strong>a</strong></span> <span class='ocrx_word' id='word_1_96' title='bbox 1508 1042 1552 1076; x_wconf 89' lang='lat' dir='ltr'><strong>te</strong></span> 
     </span>
     <span class='ocr_line' id='line_1_15' title="bbox 89 1087 1550 1142; baseline 0.001 -14"><span class='ocrx_word' id='word_1_97' title='bbox 89 1090 202 1142; x_wconf 91' lang='lat' dir='ltr'><strong>plus,</strong></span> <span class='ocrx_word' id='word_1_98' title='bbox 243 1102 370 1142; x_wconf 82' lang='lat' dir='ltr'><strong>quam</strong></span> <span class='ocrx_word' id='word_1_99' title='bbox 412 1093 550 1140; x_wconf 80' lang='lat' dir='ltr'><strong>poteS,</strong></span> <span class='ocrx_word' id='word_1_100' title='bbox 589 1088 790 1141; x_wconf 89' lang='lat' dir='ltr'><strong>postulo:</strong></span> <span class='ocrx_word' id='word_1_101' title='bbox 830 1093 954 1139; x_wconf 83' lang='lat' dir='ltr'><strong>potes</strong></span> <span class='ocrx_word' id='word_1_102' title='bbox 993 1092 1156 1137; x_wconf 82' lang='lat' dir='ltr'><strong>autem,</strong></span> <span class='ocrx_word' id='word_1_103' title='bbox 1196 1087 1302 1141; x_wconf 85' lang='lat' dir='ltr'><strong>quid</strong></span> <span class='ocrx_word' id='word_1_104' title='bbox 1338 1091 1438 1129; x_wconf 85' lang='lat' dir='ltr'><strong>veri</strong></span> <span class='ocrx_word' id='word_1_105' title='bbox 1477 1093 1550 1142; x_wconf 87' lang='lat' dir='ltr'><strong>sit,</strong></span> 
     </span>
     <span class='ocr_line' id='line_1_16' title="bbox 87 1142 1593 1198; baseline 0.002 -15"><span class='ocrx_word' id='word_1_106' title='bbox 87 1146 340 1198; x_wconf 84' lang='lat' dir='ltr'><strong>perspicere</strong></span> <span class='ocrx_word' id='word_1_107' title='bbox 370 1149 419 1182; x_wconf 88' lang='lat' dir='ltr'><strong>tu</strong></span> <span class='ocrx_word' id='word_1_108' title='bbox 456 1155 582 1182; x_wconf 88' lang='lat' dir='ltr'><strong>unus.</strong></span> <span class='ocrx_word' id='word_1_109' title='bbox 639 1143 707 1182; x_wconf 90' lang='lat' dir='ltr'><strong>De</strong></span> <span class='ocrx_word' id='word_1_110' title='bbox 737 1142 922 1192; x_wconf 77' lang='lat' dir='ltr'><strong>Rutilia,</strong></span> <span class='ocrx_word' id='word_1_111' title='bbox 964 1143 1173 1195; x_wconf 84' lang='lat' dir='ltr'><strong>quoniam</strong></span> <span class='ocrx_word' id='word_1_112' title='bbox 1211 1143 1380 1184; x_wconf 88' lang='lat' dir='ltr'><strong>videris</strong></span> <span class='ocrx_word' id='word_1_113' title='bbox 1422 1145 1593 1190; x_wconf 81' lang='lat' dir='ltr'><strong>dubi-2</strong></span> 
     </span>
     <span class='ocr_line' id='line_1_17' title="bbox 86 1196 1554 1252; baseline 0.001 -13"><span class='ocrx_word' id='word_1_114' title='bbox 86 1206 198 1251; x_wconf 85' lang='lat' dir='ltr'><strong>tare,</strong></span> <span class='ocrx_word' id='word_1_115' title='bbox 229 1199 394 1239; x_wconf 89' lang='lat' dir='ltr'><strong>scribes</strong></span> <span class='ocrx_word' id='word_1_116' title='bbox 428 1197 485 1237; x_wconf 83' lang='lat' dir='ltr'><strong>ad</strong></span> <span class='ocrx_word' id='word_1_117' title='bbox 514 1211 597 1249; x_wconf 90' lang='lat' dir='ltr'><strong>me,</strong></span> <span class='ocrx_word' id='word_1_118' title='bbox 642 1210 777 1251; x_wconf 88' lang='lat' dir='ltr'><strong>quum</strong></span> <span class='ocrx_word' id='word_1_119' title='bbox 817 1198 953 1245; x_wconf 81' lang='lat' dir='ltr'><strong>scies;</strong></span> <span class='ocrx_word' id='word_1_120' title='bbox 992 1196 1068 1237; x_wconf 92' lang='lat' dir='ltr'><strong>sed</strong></span> <span class='ocrx_word' id='word_1_121' title='bbox 1108 1201 1458 1252; x_wconf 77' lang='lat' dir='ltr'><strong>quamprimum5</strong></span> <span class='ocrx_word' id='word_1_122' title='bbox 1507 1208 1554 1243; x_wconf 81' lang='lat' dir='ltr'><strong>et</strong></span> 
     </span>
     <span class='ocr_line' id='line_1_18' title="bbox 87 1253 1552 1303; baseline 0.003 -10"><span class='ocrx_word' id='word_1_123' title='bbox 87 1268 191 1294; x_wconf 87' lang='lat' dir='ltr'><strong>num</strong></span> <span class='ocrx_word' id='word_1_124' title='bbox 223 1253 380 1295; x_wconf 84' lang='lat' dir='ltr'><strong>Clodia</strong></span> <span class='ocrx_word' id='word_1_125' title='bbox 408 1253 462 1294; x_wconf 87' lang='lat' dir='ltr'><strong>D.</strong></span> <span class='ocrx_word' id='word_1_126' title='bbox 490 1253 629 1293; x_wconf 89' lang='lat' dir='ltr'><strong>Bruto</strong></span> <span class='ocrx_word' id='word_1_127' title='bbox 659 1253 900 1302; x_wconf 83' lang='lat' dir='ltr'><strong>consulari,</strong></span> <span class='ocrx_word' id='word_1_128' title='bbox 928 1253 1022 1291; x_wconf 87' lang='lat' dir='ltr'><strong>filio</strong></span> <span class='ocrx_word' id='word_1_129' title='bbox 1044 1265 1139 1303; x_wconf 89' lang='lat' dir='ltr'><strong>su0,</strong></span> <span class='ocrx_word' id='word_1_130' title='bbox 1168 1260 1346 1294; x_wconf 84' lang='lat' dir='ltr'><strong>mortuo</strong></span> <span class='ocrx_word' id='word_1_131' title='bbox 1370 1257 1552 1298; x_wconf 79' lang='lat' dir='ltr'><strong>vixerit.</strong></span> 
     </span>
     <span class='ocr_line' id='line_1_19' title="bbox 86 1307 1553 1363; baseline 0.001 -13"><span class='ocrx_word' id='word_1_132' title='bbox 86 1310 137 1350; x_wconf 93' lang='lat' dir='ltr'><strong>Id</strong></span> <span class='ocrx_word' id='word_1_133' title='bbox 167 1309 219 1350; x_wconf 90' lang='lat' dir='ltr'><strong>de</strong></span> <span class='ocrx_word' id='word_1_134' title='bbox 249 1309 470 1349; x_wconf 86' lang='lat' dir='ltr'><strong>Marcello</strong></span> <span class='ocrx_word' id='word_1_135' title='bbox 500 1315 576 1348; x_wconf 84' lang='lat' dir='ltr'><strong>aut</strong></span> <span class='ocrx_word' id='word_1_136' title='bbox 605 1315 726 1348; x_wconf 88' lang='lat' dir='ltr'><strong>certe</strong></span> <span class='ocrx_word' id='word_1_137' title='bbox 757 1307 809 1348; x_wconf 91' lang='lat' dir='ltr'><strong>de</strong></span> <span class='ocrx_word' id='word_1_138' title='bbox 839 1308 1063 1347; x_wconf 85' lang='lat' dir='ltr'><strong>Postumia</strong></span> <span class='ocrx_word' id='word_1_139' title='bbox 1092 1310 1201 1347; x_wconf 83' lang='lat' dir='ltr'><strong>sciri</strong></span> <span class='ocrx_word' id='word_1_140' title='bbox 1229 1316 1395 1363; x_wconf 85' lang='lat' dir='ltr'><strong>potest:</strong></span> <span class='ocrx_word' id='word_1_141' title='bbox 1437 1311 1553 1353; x_wconf 88' lang='lat' dir='ltr'><strong>illud</strong></span> 
     </span>
     <span class='ocr_line' id='line_1_20' title="bbox 87 1362 1591 1416; baseline 0 -10"><span class='ocrx_word' id='word_1_142' title='bbox 87 1372 233 1406; x_wconf 83' lang='lat' dir='ltr'><strong>autem</strong></span> <span class='ocrx_word' id='word_1_143' title='bbox 262 1364 315 1404; x_wconf 90' lang='lat' dir='ltr'><strong>de</strong></span> <span class='ocrx_word' id='word_1_144' title='bbox 344 1364 408 1403; x_wconf 88' lang='grc' dir='ltr'><strong>Μ.</strong></span> <span class='ocrx_word' id='word_1_145' title='bbox 442 1364 572 1404; x_wconf 80' lang='lat' dir='ltr'><strong>Cotta</strong></span> <span class='ocrx_word' id='word_1_146' title='bbox 601 1370 678 1403; x_wconf 87' lang='lat' dir='ltr'><strong>aut</strong></span> <span class='ocrx_word' id='word_1_147' title='bbox 706 1362 759 1404; x_wconf 88' lang='lat' dir='ltr'><strong>de</strong></span> <span class='ocrx_word' id='word_1_148' title='bbox 789 1362 905 1415; x_wconf 87' lang='lat' dir='ltr'><strong>Syro</strong></span> <span class='ocrx_word' id='word_1_149' title='bbox 936 1370 1013 1402; x_wconf 81' lang='lat' dir='ltr'><strong>aut</strong></span> <span class='ocrx_word' id='word_1_150' title='bbox 1041 1362 1094 1403; x_wconf 88' lang='lat' dir='ltr'><strong>de</strong></span> <span class='ocrx_word' id='word_1_151' title='bbox 1115 1363 1292 1416; x_wconf 86' lang='lat' dir='ltr'><strong>Satyro.</strong></span> <span class='ocrx_word' id='word_1_152' title='bbox 1349 1366 1416 1406; x_wconf 93' lang='lat' dir='ltr'><strong>De</strong></span> <span class='ocrx_word' id='word_1_153' title='bbox 1446 1367 1591 1415; x_wconf 86' lang='lat' dir='ltr'><strong>hor-3</strong></span> 
     </span>
     <span class='ocr_line' id='line_1_21' title="bbox 86 1418 1548 1476; baseline 0.001 -16"><span class='ocrx_word' id='word_1_154' title='bbox 86 1423 159 1472; x_wconf 86' lang='lat' dir='ltr'><strong>tis,</strong></span> <span class='ocrx_word' id='word_1_155' title='bbox 190 1422 321 1461; x_wconf 79' lang='lat' dir='ltr'><strong>etiam</strong></span> <span class='ocrx_word' id='word_1_156' title='bbox 351 1425 480 1471; x_wconf 78' lang='lat' dir='ltr'><strong>atque</strong></span> <span class='ocrx_word' id='word_1_157' title='bbox 509 1420 643 1458; x_wconf 86' lang='lat' dir='ltr'><strong>etiam</strong></span> <span class='ocrx_word' id='word_1_158' title='bbox 672 1424 716 1458; x_wconf 89' lang='lat' dir='ltr'><strong>te</strong></span> <span class='ocrx_word' id='word_1_159' title='bbox 738 1431 862 1472; x_wconf 75' lang='lat' dir='ltr'><strong>rogo,</strong></span> <span class='ocrx_word' id='word_1_160' title='bbox 923 1418 1134 1466; x_wconf 77' lang='lat' dir='ltr'><strong>Omnibus</strong></span> <span class='ocrx_word' id='word_1_161' title='bbox 1155 1421 1262 1459; x_wconf 89' lang='lat' dir='ltr'><strong>meis</strong></span> <span class='ocrx_word' id='word_1_162' title='bbox 1290 1433 1548 1476; x_wconf 81' lang='lat' dir='ltr'><strong>eorumque,</strong></span> 
     </span>
     <span class='ocr_line' id='line_1_22' title="bbox 87 1473 1551 1530; baseline 0.002 -15"><span class='ocrx_word' id='word_1_163' title='bbox 87 1490 194 1529; x_wconf 85' lang='lat' dir='ltr'><strong>quos</strong></span> <span class='ocrx_word' id='word_1_164' title='bbox 225 1477 317 1515; x_wconf 85' lang='lat' dir='ltr'><strong>scio</strong></span> <span class='ocrx_word' id='word_1_165' title='bbox 348 1475 459 1514; x_wconf 87' lang='lat' dir='ltr'><strong>mihi</strong></span> <span class='ocrx_word' id='word_1_166' title='bbox 487 1487 576 1513; x_wconf 90' lang='lat' dir='ltr'><strong>non</strong></span> <span class='ocrx_word' id='word_1_167' title='bbox 605 1473 849 1525; x_wconf 86' lang='lat' dir='ltr'><strong>defuturos,</strong></span> <span class='ocrx_word' id='word_1_168' title='bbox 879 1474 1165 1513; x_wconf 82' lang='lat' dir='ltr'><strong>facultatibus</strong></span> <span class='ocrx_word' id='word_1_169' title='bbox 1194 1497 1251 1504; x_wconf 87' lang='lat'><strong>—</strong></span> <span class='ocrx_word' id='word_1_170' title='bbox 1287 1475 1362 1515; x_wconf 87' lang='lat' dir='ltr'><strong>sed</strong></span> <span class='ocrx_word' id='word_1_171' title='bbox 1391 1485 1551 1530; x_wconf 83' lang='lat' dir='ltr'><strong>potero</strong></span> 
     </span>
     <span class='ocr_line' id='line_1_23' title="bbox 85 1528 1550 1584; baseline 0.003 -14"><span class='ocrx_word' id='word_1_172' title='bbox 85 1533 194 1571; x_wconf 88' lang='lat' dir='ltr'><strong>meis</strong></span> <span class='ocrx_word' id='word_1_173' title='bbox 225 1554 273 1562; x_wconf 92' lang='lat'><em>-</em></span> <span class='ocrx_word' id='word_1_174' title='bbox 306 1528 559 1570; x_wconf 81' lang='lat' dir='ltr'><strong>enitendum</strong></span> <span class='ocrx_word' id='word_1_175' title='bbox 588 1530 698 1569; x_wconf 90' lang='lat' dir='ltr'><strong>mihi</strong></span> <span class='ocrx_word' id='word_1_176' title='bbox 728 1536 805 1569; x_wconf 89' lang='lat' dir='ltr'><strong>est.</strong></span> <span class='ocrx_word' id='word_1_177' title='bbox 872 1528 986 1568; x_wconf 85' lang='lat' dir='ltr'><strong>Sunt</strong></span> <span class='ocrx_word' id='word_1_178' title='bbox 1015 1530 1164 1580; x_wconf 86' lang='lat' dir='ltr'><strong>etiam,</strong></span> <span class='ocrx_word' id='word_1_179' title='bbox 1206 1544 1317 1584; x_wconf 83' lang='lat' dir='ltr'><strong>quae</strong></span> <span class='ocrx_word' id='word_1_180' title='bbox 1354 1533 1550 1574; x_wconf 75' lang='lat' dir='ltr'><strong>vendere</strong></span> 
     </span>
     <span class='ocr_line' id='line_1_24' title="bbox 85 1583 1549 1643; baseline 0.001 -16"><span class='ocrx_word' id='word_1_181' title='bbox 85 1587 216 1627; x_wconf 86' lang='lat' dir='ltr'><strong>facile</strong></span> <span class='ocrx_word' id='word_1_182' title='bbox 243 1587 418 1640; x_wconf 87' lang='lat' dir='ltr'><strong>possim.</strong></span> <span class='ocrx_word' id='word_1_183' title='bbox 475 1583 578 1636; x_wconf 86' lang='lat' dir='ltr'><strong>Sed,</strong></span> <span class='ocrx_word' id='word_1_184' title='bbox 615 1591 666 1625; x_wconf 91' lang='lat' dir='ltr'><strong>ut</strong></span> <span class='ocrx_word' id='word_1_185' title='bbox 693 1597 783 1624; x_wconf 89' lang='lat' dir='ltr'><strong>non</strong></span> <span class='ocrx_word' id='word_1_186' title='bbox 824 1584 1012 1625; x_wconf 85' lang='lat' dir='ltr'><strong>vendam</strong></span> <span class='ocrx_word' id='word_1_187' title='bbox 1051 1586 1179 1638; x_wconf 87' lang='lat' dir='ltr'><strong>eique</strong></span> <span class='ocrx_word' id='word_1_188' title='bbox 1220 1598 1401 1628; x_wconf 80' lang='lat' dir='ltr'><strong>usuram</strong></span> <span class='ocrx_word' id='word_1_189' title='bbox 1441 1602 1549 1643; x_wconf 87' lang='lat' dir='ltr'><strong>pen-</strong></span> 
     </span>
    </p>
   </div>
   <div class='ocr_carea' id='block_1_9' title="bbox 82 1723 1549 1866">
    <p class='ocr_par' dir='ltr' id='par_1_9' title="bbox 82 1723 1549 1866">
     <span class='ocr_line' id='line_1_25' title="bbox 82 1723 1549 1771; baseline 0.003 -14"><span class='ocrx_word' id='word_1_190' title='bbox 82 1724 163 1758; x_wconf 86' lang='lat' dir='ltr'><strong>dies</strong></span> <span class='ocrx_word' id='word_1_191' title='bbox 189 1723 327 1758; x_wconf 85' lang='lat' dir='ltr'><strong>Romae</strong></span> <span class='ocrx_word' id='word_1_192' title='bbox 352 1725 541 1757; x_wconf 82' lang='lat' dir='ltr'><strong>futurum.</strong></span> <span class='ocrx_word' id='word_1_193' title='bbox 570 1724 675 1760; x_wconf 85' lang='lat' dir='ltr'><strong><em>SCH.</em></strong></span> <span class='ocrx_word' id='word_1_194' title='bbox 702 1742 745 1750; x_wconf 95' lang='lat'>—</span> <span class='ocrx_word' id='word_1_195' title='bbox 772 1724 920 1757; x_wconf 77' lang='lat' dir='ltr'><strong>tardius</strong></span> <span class='ocrx_word' id='word_1_196' title='bbox 946 1723 1120 1757; x_wconf 85' lang='lat' dir='ltr'><strong>redierit.</strong></span> <span class='ocrx_word' id='word_1_197' title='bbox 1146 1742 1195 1749; x_wconf 92' lang='lat'>—</span> <span class='ocrx_word' id='word_1_198' title='bbox 1220 1737 1286 1771; x_wconf 81' lang='lat' dir='ltr'><strong>ego</strong></span> <span class='ocrx_word' id='word_1_199' title='bbox 1318 1731 1442 1762; x_wconf 77' lang='lat' dir='ltr'><strong>tamen</strong></span> <span class='ocrx_word' id='word_1_200' title='bbox 1479 1731 1549 1762; x_wconf 80' lang='lat' dir='ltr'><strong>tri-</strong></span> 
     </span>
     <span class='ocr_line' id='line_1_26' title="bbox 83 1772 1545 1812; baseline 0.005 -7"><span class='ocrx_word' id='word_1_201' title='bbox 83 1774 193 1806; x_wconf 83' lang='lat' dir='ltr'><strong>duum</strong></span> <span class='ocrx_word' id='word_1_202' title='bbox 219 1772 303 1807; x_wconf 87' lang='lat' dir='ltr'><strong>scil.</strong></span> <span class='ocrx_word' id='word_1_203' title='bbox 332 1772 471 1805; x_wconf 86' lang='lat' dir='ltr'><strong>Romae</strong></span> <span class='ocrx_word' id='word_1_204' title='bbox 496 1777 625 1806; x_wconf 89' lang='lat' dir='ltr'><strong>tecum</strong></span> <span class='ocrx_word' id='word_1_205' title='bbox 663 1782 743 1806; x_wconf 86' lang='lat' dir='ltr'><strong>ero.</strong></span> <span class='ocrx_word' id='word_1_206' title='bbox 781 1791 829 1797; x_wconf 94' lang='lat'>—</span> <span class='ocrx_word' id='word_1_207' title='bbox 861 1783 999 1806; x_wconf 82' lang='lat' dir='ltr'><strong>mecum</strong></span> <span class='ocrx_word' id='word_1_208' title='bbox 1029 1772 1114 1806; x_wconf 83' lang='lat' dir='ltr'><strong>scil.</strong></span> <span class='ocrx_word' id='word_1_209' title='bbox 1152 1777 1217 1808; x_wconf 84' lang='lat' dir='ltr'><strong>est.</strong></span> <span class='ocrx_word' id='word_1_210' title='bbox 1268 1775 1367 1809; x_wconf 86' lang='lat' dir='ltr'><strong>Nam</strong></span> <span class='ocrx_word' id='word_1_211' title='bbox 1394 1787 1481 1810; x_wconf 87' lang='lat' dir='ltr'><strong>eum</strong></span> <span class='ocrx_word' id='word_1_212' title='bbox 1507 1788 1545 1812; x_wconf 83' lang='lat' dir='ltr'><strong>se</strong></span> 
     </span>
     <span class='ocr_line' id='line_1_27' title="bbox 82 1820 1219 1866; baseline 0.002 -13"><span class='ocrx_word' id='word_1_213' title='bbox 82 1820 260 1865; x_wconf 84' lang='lat' dir='ltr'><strong>proxime</strong></span> <span class='ocrx_word' id='word_1_214' title='bbox 286 1820 462 1854; x_wconf 87' lang='lat' dir='ltr'><strong>visurum</strong></span> <span class='ocrx_word' id='word_1_215' title='bbox 489 1820 708 1855; x_wconf 68' lang='lat' dir='ltr'><strong>ostenderat</strong></span> <span class='ocrx_word' id='word_1_216' title='bbox 733 1832 849 1866; x_wconf 86' lang='lat' dir='ltr'><strong>supra</strong></span> <span class='ocrx_word' id='word_1_217' title='bbox 875 1820 982 1865; x_wconf 85' lang='lat' dir='ltr'><strong>epist.</strong></span> <span class='ocrx_word' id='word_1_218' title='bbox 1009 1822 1092 1856; x_wconf 84' lang='lat'><strong>537.</strong></span> <span class='ocrx_word' id='word_1_219' title='bbox 1119 1821 1219 1855; x_wconf 87' lang='lat' dir='ltr'><strong><em>SCH.</em></strong></span> 
     </span>
    </p>
   </div>
   <div class='ocr_carea' id='block_1_10' title="bbox 82 1890 1544 2132">
    <p class='ocr_par' dir='ltr' id='par_1_10' title="bbox 82 1890 1544 2132">
     <span class='ocr_line' id='line_1_28' title="bbox 182 1890 1544 1940; baseline 0.002 -14"><span class='ocrx_word' id='word_1_220' title='bbox 182 1895 214 1926; x_wconf 88' lang='lat'><strong>1.</strong></span> <span class='ocrx_word' id='word_1_221' title='bbox 264 1904 337 1925; x_wconf 83' lang='lat' dir='ltr'><strong>non</strong></span> <span class='ocrx_word' id='word_1_222' title='bbox 365 1904 535 1937; x_wconf 82' lang='lat' dir='ltr'><strong>cog-nosco</strong></span> <span class='ocrx_word' id='word_1_223' title='bbox 562 1897 645 1934; x_wconf 70' lang='lat' dir='ltr'><strong>cet.7</strong></span> <span class='ocrx_word' id='word_1_224' title='bbox 672 1892 783 1926; x_wconf 71' lang='lat' dir='ltr'><strong>dai-in</strong></span> <span class='ocrx_word' id='word_1_225' title='bbox 808 1892 910 1925; x_wconf 87' lang='lat' dir='ltr'><strong>kann</strong></span> <span class='ocrx_word' id='word_1_226' title='bbox 936 1890 1000 1925; x_wconf 89' lang='lat' dir='ltr'><strong>ich</strong></span> <span class='ocrx_word' id='word_1_227' title='bbox 1025 1891 1147 1926; x_wconf 89' lang='lat' dir='ltr'><strong>Deine</strong></span> <span class='ocrx_word' id='word_1_228' title='bbox 1172 1892 1382 1940; x_wconf 82' lang='lat' dir='ltr'><strong>gewohnte</strong></span> <span class='ocrx_word' id='word_1_229' title='bbox 1410 1893 1544 1929; x_wconf 72' lang='lat' dir='ltr'><strong>Gef‘al-</strong></span> 
     </span>
     <span class='ocr_line' id='line_1_29' title="bbox 84 1939 1544 1989; baseline 0.001 -14"><span class='ocrx_word' id='word_1_230' title='bbox 84 1939 226 1989; x_wconf 82' lang='lat' dir='ltr'><strong>ligkeit</strong></span> <span class='ocrx_word' id='word_1_231' title='bbox 252 1951 376 1987; x_wconf 78' lang='lat' dir='ltr'><strong>gegen</strong></span> <span class='ocrx_word' id='word_1_232' title='bbox 402 1940 509 1973; x_wconf 88' lang='lat' dir='ltr'><strong>mich</strong></span> <span class='ocrx_word' id='word_1_233' title='bbox 535 1941 646 1974; x_wconf 86' lang='lat' dir='ltr'><strong>nicht</strong></span> <span class='ocrx_word' id='word_1_234' title='bbox 672 1940 885 1974; x_wconf 87' lang='lat' dir='ltr'><strong>erkennen.</strong></span> <span class='ocrx_word' id='word_1_235' title='bbox 905 1959 953 1965; x_wconf 91' lang='lat'><strong>—-</strong></span> <span class='ocrx_word' id='word_1_236' title='bbox 978 1946 1156 1981; x_wconf 80' lang='lat' dir='ltr'><strong>tractare,</strong></span> <span class='ocrx_word' id='word_1_237' title='bbox 1182 1940 1392 1977; x_wconf 80' lang='lat' dir='ltr'><strong>anriihren.</strong></span> <span class='ocrx_word' id='word_1_238' title='bbox 1409 1962 1456 1967; x_wconf 90' lang='lat'>—</span> <span class='ocrx_word' id='word_1_239' title='bbox 1480 1956 1544 1989; x_wconf 86' lang='lat' dir='ltr'><strong>ge-</strong></span> 
     </span>
     <span class='ocr_line' id='line_1_30' title="bbox 82 1987 1544 2034; baseline 0.001 -11"><span class='ocrx_word' id='word_1_240' title='bbox 82 1993 188 2029; x_wconf 78' lang='lat' dir='ltr'><strong>mita,</strong></span> <span class='ocrx_word' id='word_1_241' title='bbox 227 1987 366 2023; x_wconf 87' lang='lat' dir='ltr'><strong>dolore.</strong></span> <span class='ocrx_word' id='word_1_242' title='bbox 401 2006 449 2012; x_wconf 91' lang='lat'><strong>—-</strong></span> <span class='ocrx_word' id='word_1_243' title='bbox 483 1990 573 2034; x_wconf 84' lang='lat' dir='ltr'><strong>quid</strong></span> <span class='ocrx_word' id='word_1_244' title='bbox 599 1990 677 2023; x_wconf 77' lang='lat' dir='ltr'><strong>ver-i</strong></span> <span class='ocrx_word' id='word_1_245' title='bbox 706 1992 767 2031; x_wconf 74' lang='lat' dir='ltr'><strong>sit,</strong></span> <span class='ocrx_word' id='word_1_246' title='bbox 804 1991 1017 2034; x_wconf 75' lang='lat' dir='ltr'><strong>perspicere,</strong></span> <span class='ocrx_word' id='word_1_247' title='bbox 1059 1987 1194 2022; x_wconf 84' lang='lat' dir='ltr'><strong>hinter</strong></span> <span class='ocrx_word' id='word_1_248' title='bbox 1231 1989 1293 2023; x_wconf 88' lang='lat' dir='ltr'><strong>die</strong></span> <span class='ocrx_word' id='word_1_249' title='bbox 1330 1989 1544 2025; x_wconf 83' lang='lat' dir='ltr'><strong>Wahrheit</strong></span> 
     </span>
     <span class='ocr_line' id='line_1_31' title="bbox 82 2035 1542 2084; baseline 0.001 -13"><span class='ocrx_word' id='word_1_250' title='bbox 82 2037 277 2071; x_wconf 87' lang='lat' dir='ltr'><strong>kommen.</strong></span> <span class='ocrx_word' id='word_1_251' title='bbox 331 2035 467 2069; x_wconf 89' lang='lat' dir='ltr'><strong>Cicero</strong></span> <span class='ocrx_word' id='word_1_252' title='bbox 493 2036 599 2071; x_wconf 84' lang='lat' dir='ltr'><strong>hatte</strong></span> <span class='ocrx_word' id='word_1_253' title='bbox 624 2037 703 2070; x_wconf 84' lang='lat' dir='ltr'><strong>also</strong></span> <span class='ocrx_word' id='word_1_254' title='bbox 730 2036 882 2084; x_wconf 80' lang='lat' dir='ltr'><strong>geh&#39;drt,</strong></span> <span class='ocrx_word' id='word_1_255' title='bbox 919 2037 999 2070; x_wconf 85' lang='lat' dir='ltr'><strong>dass</strong></span> <span class='ocrx_word' id='word_1_256' title='bbox 1030 2036 1209 2071; x_wconf 82' lang='lat' dir='ltr'><strong>Terentia</strong></span> <span class='ocrx_word' id='word_1_257' title='bbox 1246 2037 1308 2071; x_wconf 89' lang='lat' dir='ltr'><strong>ein</strong></span> <span class='ocrx_word' id='word_1_258' title='bbox 1342 2038 1542 2073; x_wconf 63' lang='lat' dir='ltr'><strong>Pl&#39;einchen</strong></span> 
     </span>
     <span class='ocr_line' id='line_1_32' title="bbox 83 2084 977 2132; baseline -0.002 -14"><span class='ocrx_word' id='word_1_259' title='bbox 83 2086 136 2119; x_wconf 90' lang='lat' dir='ltr'><strong>im</strong></span> <span class='ocrx_word' id='word_1_260' title='bbox 164 2084 321 2119; x_wconf 89' lang='lat' dir='ltr'><strong>Schilde</strong></span> <span class='ocrx_word' id='word_1_261' title='bbox 346 2084 473 2124; x_wconf 79' lang='lat' dir='ltr'><strong>ftihre‚</strong></span> <span class='ocrx_word' id='word_1_262' title='bbox 507 2097 582 2119; x_wconf 83' lang='lat' dir='ltr'><strong>was</strong></span> <span class='ocrx_word' id='word_1_263' title='bbox 609 2085 692 2119; x_wconf 86' lang='lat' dir='ltr'><strong>ihm</strong></span> <span class='ocrx_word' id='word_1_264' title='bbox 719 2084 826 2118; x_wconf 64' lang='lat' dir='ltr'><strong>nieht</strong></span> <span class='ocrx_word' id='word_1_265' title='bbox 852 2085 977 2132; x_wconf 81' lang='lat' dir='ltr'><strong>gefiel.</strong></span> 
     </span>
    </p>
   </div>
   <div class='ocr_carea' id='block_1_11' title="bbox 81 2144 1542 2717">
    <p class='ocr_par' dir='ltr' id='par_1_11' title="bbox 81 2144 1542 2717">
     <span class='ocr_line' id='line_1_33' title="bbox 175 2144 1542 2190; baseline 0.001 -12"><span class='ocrx_word' id='word_1_266' title='bbox 175 2146 209 2179; x_wconf 90' lang='lat'><strong>2.</strong></span> <span class='ocrx_word' id='word_1_267' title='bbox 262 2146 303 2178; x_wconf 80' lang='lat' dir='ltr'><strong>de</strong></span> <span class='ocrx_word' id='word_1_268' title='bbox 337 2146 495 2178; x_wconf 73' lang='lat' dir='ltr'><strong>Rutilia.</strong></span> <span class='ocrx_word' id='word_1_269' title='bbox 528 2144 562 2180; x_wconf 85' lang='lat' dir='ltr'><strong>S.</strong></span> <span class='ocrx_word' id='word_1_270' title='bbox 591 2157 648 2190; x_wconf 89' lang='lat' dir='ltr'><strong>ep.</strong></span> <span class='ocrx_word' id='word_1_271' title='bbox 676 2148 758 2187; x_wconf 82' lang='lat'><strong>536,</strong></span> <span class='ocrx_word' id='word_1_272' title='bbox 785 2148 818 2181; x_wconf 88' lang='grc'><strong>2.</strong></span> <span class='ocrx_word' id='word_1_273' title='bbox 856 2163 898 2170; x_wconf 93' lang='grc'><strong>-</strong></span> <span class='ocrx_word' id='word_1_274' title='bbox 936 2146 1131 2179; x_wconf 76' lang='lat' dir='ltr'><strong>consulari.</strong></span> <span class='ocrx_word' id='word_1_275' title='bbox 1168 2146 1216 2178; x_wconf 93' lang='lat' dir='ltr'><strong>D.</strong></span> <span class='ocrx_word' id='word_1_276' title='bbox 1243 2145 1374 2178; x_wconf 85' lang='lat' dir='ltr'><strong>Iunius</strong></span> <span class='ocrx_word' id='word_1_277' title='bbox 1407 2148 1542 2180; x_wconf 76' lang='lat' dir='ltr'><strong>Brutus</strong></span> 
     </span>
     <span class='ocr_line' id='line_1_34' title="bbox 82 2193 1541 2238; baseline 0 -11"><span class='ocrx_word' id='word_1_278' title='bbox 82 2193 254 2227; x_wconf 88' lang='lat' dir='ltr'><strong>Iulianus</strong></span> <span class='ocrx_word' id='word_1_279' title='bbox 289 2204 318 2227; x_wconf 86' lang='lat' dir='ltr'><strong>a.</strong></span> <span class='ocrx_word' id='word_1_280' title='bbox 345 2195 415 2227; x_wconf 89' lang='grc'><strong>677</strong></span> <span class='ocrx_word' id='word_1_281' title='bbox 458 2193 590 2226; x_wconf 85' lang='lat' dir='ltr'><strong>consul</strong></span> <span class='ocrx_word' id='word_1_282' title='bbox 623 2194 699 2227; x_wconf 80' lang='lat' dir='ltr'><strong>fuit</strong></span> <span class='ocrx_word' id='word_1_283' title='bbox 732 2205 820 2227; x_wconf 86' lang='lat' dir='ltr'><strong>cum</strong></span> <span class='ocrx_word' id='word_1_284' title='bbox 856 2194 1047 2226; x_wconf 84' lang='lat' dir='ltr'><strong>Mamerco</strong></span> <span class='ocrx_word' id='word_1_285' title='bbox 1079 2193 1244 2226; x_wconf 88' lang='lat' dir='ltr'><strong>Aemilio</strong></span> <span class='ocrx_word' id='word_1_286' title='bbox 1278 2193 1438 2238; x_wconf 88' lang='lat' dir='ltr'><strong>Lepido,</strong></span> <span class='ocrx_word' id='word_1_287' title='bbox 1477 2194 1541 2227; x_wconf 81' lang='lat' dir='ltr'><strong>vir</strong></span> 
     </span>
     <span class='ocr_line' id='line_1_35' title="bbox 84 2240 1540 2285; baseline 0.001 -11"><span class='ocrx_word' id='word_1_288' title='bbox 84 2241 229 2274; x_wconf 83' lang='lat' dir='ltr'><strong>Graece</strong></span> <span class='ocrx_word' id='word_1_289' title='bbox 256 2246 294 2274; x_wconf 90' lang='lat' dir='ltr'><strong>et</strong></span> <span class='ocrx_word' id='word_1_290' title='bbox 320 2240 454 2274; x_wconf 83' lang='lat' dir='ltr'><strong>Latine</strong></span> <span class='ocrx_word' id='word_1_291' title='bbox 482 2240 624 2275; x_wconf 86' lang='lat' dir='ltr'><strong>doctus.</strong></span> <span class='ocrx_word' id='word_1_292' title='bbox 652 2242 741 2279; x_wconf 80' lang='lat' dir='ltr'><strong>Vid,</strong></span> <span class='ocrx_word' id='word_1_293' title='bbox 770 2241 875 2273; x_wconf 85' lang='lat' dir='ltr'><strong>Brut.</strong></span> <span class='ocrx_word' id='word_1_294' title='bbox 903 2243 959 2275; x_wconf 70' lang='lat'><strong>47.</strong></span> <span class='ocrx_word' id='word_1_295' title='bbox 985 2251 1057 2285; x_wconf 86' lang='lat' dir='ltr'><strong>pro</strong></span> <span class='ocrx_word' id='word_1_296' title='bbox 1083 2241 1211 2275; x_wconf 88' lang='lat' dir='ltr'><strong>Rabir.</strong></span> <span class='ocrx_word' id='word_1_297' title='bbox 1237 2243 1268 2276; x_wconf 90' lang='lat'><strong>7.</strong></span> <span class='ocrx_word' id='word_1_298' title='bbox 1284 2260 1331 2266; x_wconf 85' lang='lat'><strong>--</strong></span> <span class='ocrx_word' id='word_1_299' title='bbox 1351 2243 1405 2279; x_wconf 80' lang='lat' dir='ltr'><strong>Id,</strong></span> <span class='ocrx_word' id='word_1_300' title='bbox 1431 2243 1540 2276; x_wconf 82' lang='lat' dir='ltr'><strong>Diess</strong></span> 
     </span>
     <span class='ocr_line' id='line_1_36' title="bbox 83 2288 1541 2324; baseline 0.001 -4"><span class='ocrx_word' id='word_1_301' title='bbox 83 2289 242 2321; x_wconf 84' lang='lat' dir='ltr'><strong>letztere</strong></span> <span class='ocrx_word' id='word_1_302' title='bbox 276 2288 388 2321; x_wconf 84' lang='lat' dir='ltr'><strong>wirst</strong></span> <span class='ocrx_word' id='word_1_303' title='bbox 413 2288 473 2321; x_wconf 91' lang='lat' dir='ltr'><strong>Du</strong></span> <span class='ocrx_word' id='word_1_304' title='bbox 505 2289 827 2323; x_wconf 84' lang='lat' dir='ltr'><strong>von..erfah1·en</strong></span> <span class='ocrx_word' id='word_1_305' title='bbox 861 2288 1026 2324; x_wconf 72' lang='lat' dir='ltr'><strong>konnen.</strong></span> <span class='ocrx_word' id='word_1_306' title='bbox 1066 2290 1107 2322; x_wconf 76' lang='lat' dir='ltr'><strong>de</strong></span> <span class='ocrx_word' id='word_1_307' title='bbox 1131 2289 1315 2323; x_wconf 81' lang='lat' dir='ltr'><strong>Marcello.</strong></span> <span class='ocrx_word' id='word_1_308' title='bbox 1350 2290 1541 2324; x_wconf 81' lang='lat' dir='ltr'><strong>Corradus</strong></span> 
     </span>
     <span class='ocr_line' id='line_1_37' title="bbox 83 2335 1541 2382; baseline 0.001 -13"><span class='ocrx_word' id='word_1_309' title='bbox 83 2335 269 2382; x_wconf 78' lang='lat' dir='ltr'><strong>intelligit</strong></span> <span class='ocrx_word' id='word_1_310' title='bbox 295 2336 333 2370; x_wconf 90' lang='lat' dir='ltr'><strong>C.</strong></span> <span class='ocrx_word' id='word_1_311' title='bbox 361 2336 588 2370; x_wconf 82' lang='lat' dir='ltr'><strong>Marcellum</strong></span> <span class='ocrx_word' id='word_1_312' title='bbox 615 2336 655 2371; x_wconf 87' lang='lat' dir='ltr'><strong>C.</strong></span> <span class='ocrx_word' id='word_1_313' title='bbox 683 2337 820 2378; x_wconf 89' lang='lat' dir='ltr'><strong>filium,</strong></span> <span class='ocrx_word' id='word_1_314' title='bbox 856 2337 962 2369; x_wconf 86' lang='lat' dir='ltr'><strong>cuius</strong></span> <span class='ocrx_word' id='word_1_315' title='bbox 989 2342 1110 2371; x_wconf 84' lang='lat' dir='ltr'><strong>mater</strong></span> <span class='ocrx_word' id='word_1_316' title='bbox 1142 2337 1301 2371; x_wconf 83' lang='lat' dir='ltr'><strong>videtur</strong></span> <span class='ocrx_word' id='word_1_317' title='bbox 1334 2338 1451 2371; x_wconf 84' lang='lat' dir='ltr'><strong>fuisse</strong></span> <span class='ocrx_word' id='word_1_318' title='bbox 1478 2339 1541 2370; x_wconf 86' lang='lat' dir='ltr'><strong>Iu-</strong></span> 
     </span>
     <span class='ocr_line' id='line_1_38' title="bbox 81 2383 1541 2430; baseline 0.001 -13"><span class='ocrx_word' id='word_1_319' title='bbox 81 2387 156 2423; x_wconf 82' lang='lat' dir='ltr'><strong>nia,</strong></span> <span class='ocrx_word' id='word_1_320' title='bbox 183 2383 229 2416; x_wconf 90' lang='lat' dir='ltr'><strong>de</strong></span> <span class='ocrx_word' id='word_1_321' title='bbox 255 2394 326 2426; x_wconf 86' lang='lat' dir='ltr'><strong>qua</strong></span> <span class='ocrx_word' id='word_1_322' title='bbox 354 2384 445 2416; x_wconf 87' lang='lat' dir='ltr'><strong>sciri</strong></span> <span class='ocrx_word' id='word_1_323' title='bbox 480 2384 580 2417; x_wconf 88' lang='lat' dir='ltr'><strong>illud</strong></span> <span class='ocrx_word' id='word_1_324' title='bbox 613 2385 752 2430; x_wconf 87' lang='lat' dir='ltr'><strong>potuit.</strong></span> <span class='ocrx_word' id='word_1_325' title='bbox 804 2386 899 2417; x_wconf 86' lang='lat' dir='ltr'><strong>Nam</strong></span> <span class='ocrx_word' id='word_1_326' title='bbox 934 2385 1052 2428; x_wconf 82' lang='lat' dir='ltr'><strong>patris</strong></span> <span class='ocrx_word' id='word_1_327' title='bbox 1080 2386 1120 2419; x_wconf 85' lang='lat' dir='ltr'><strong>G.</strong></span> <span class='ocrx_word' id='word_1_328' title='bbox 1146 2385 1320 2418; x_wconf 85' lang='lat' dir='ltr'><strong>Marcelli</strong></span> <span class='ocrx_word' id='word_1_329' title='bbox 1353 2397 1451 2418; x_wconf 83' lang='lat' dir='ltr'><strong>uxor</strong></span> <span class='ocrx_word' id='word_1_330' title='bbox 1476 2386 1541 2418; x_wconf 84' lang='lat' dir='ltr'><strong>Iu·-</strong></span> 
     </span>
     <span class='ocr_line' id='line_1_39' title="bbox 82 2431 1541 2477; baseline 0.003 -13"><span class='ocrx_word' id='word_1_331' title='bbox 82 2432 145 2464; x_wconf 86' lang='lat' dir='ltr'><strong>nia</strong></span> <span class='ocrx_word' id='word_1_332' title='bbox 171 2431 387 2475; x_wconf 83' lang='lat' dir='ltr'><strong>appellatur</strong></span> <span class='ocrx_word' id='word_1_333' title='bbox 411 2443 523 2475; x_wconf 86' lang='lat' dir='ltr'><strong>supra</strong></span> <span class='ocrx_word' id='word_1_334' title='bbox 556 2444 613 2477; x_wconf 88' lang='lat' dir='ltr'><strong>ep.</strong></span> <span class='ocrx_word' id='word_1_335' title='bbox 640 2435 723 2468; x_wconf 85' lang='lat'>216.</span> <span class='ocrx_word' id='word_1_336' title='bbox 762 2433 803 2466; x_wconf 81' lang='lat' dir='ltr'><strong>de</strong></span> <span class='ocrx_word' id='word_1_337' title='bbox 821 2432 1006 2466; x_wconf 74' lang='lat' dir='ltr'><strong>Postumia</strong></span> <span class='ocrx_word' id='word_1_338' title='bbox 1039 2433 1197 2467; x_wconf 81' lang='lat' dir='ltr'><strong>fortasse</strong></span> <span class='ocrx_word' id='word_1_339' title='bbox 1234 2445 1287 2475; x_wconf 84' lang='lat' dir='ltr'><strong>ea,</strong></span> <span class='ocrx_word' id='word_1_340' title='bbox 1326 2445 1421 2476; x_wconf 81' lang='lat' dir='ltr'><strong>quae</strong></span> <span class='ocrx_word' id='word_1_341' title='bbox 1455 2433 1541 2469; x_wconf 64' lang='lat' dir='ltr'><strong>Ser·</strong></span> 
     </span>
     <span class='ocr_line' id='line_1_40' title="bbox 83 2479 1539 2526; baseline 0.001 -13"><span class='ocrx_word' id='word_1_342' title='bbox 83 2479 250 2523; x_wconf 88' lang='lat' dir='ltr'><strong>Sulpicii</strong></span> <span class='ocrx_word' id='word_1_343' title='bbox 277 2489 374 2512; x_wconf 82' lang='lat' dir='ltr'><strong>uxor</strong></span> <span class='ocrx_word' id='word_1_344' title='bbox 398 2480 484 2513; x_wconf 81' lang='lat' dir='ltr'><strong>fuit.</strong></span> <span class='ocrx_word' id='word_1_345' title='bbox 511 2481 580 2513; x_wconf 85' lang='lat' dir='ltr'><strong>cfr.</strong></span> <span class='ocrx_word' id='word_1_346' title='bbox 611 2492 667 2526; x_wconf 88' lang='lat' dir='ltr'><strong>ep.</strong></span> <span class='ocrx_word' id='word_1_347' title='bbox 695 2484 776 2516; x_wconf 88' lang='lat'><strong>371.</strong></span> <span class='ocrx_word' id='word_1_348' title='bbox 805 2481 905 2513; x_wconf 88' lang='lat' dir='ltr'><strong><em>SCH.</em></strong></span> <span class='ocrx_word' id='word_1_349' title='bbox 940 2500 987 2505; x_wconf 93' lang='lat'>—</span> <span class='ocrx_word' id='word_1_350' title='bbox 1025 2482 1072 2514; x_wconf 84' lang='lat' dir='ltr'><strong>M.</strong></span> <span class='ocrx_word' id='word_1_351' title='bbox 1105 2482 1227 2522; x_wconf 79' lang='lat' dir='ltr'><strong>Cotta,</strong></span> <span class='ocrx_word' id='word_1_352' title='bbox 1254 2486 1297 2513; x_wconf 90' lang='lat' dir='ltr'><strong>ut</strong></span> <span class='ocrx_word' id='word_1_353' title='bbox 1328 2481 1366 2516; x_wconf 90' lang='lat' dir='ltr'><strong>C.</strong></span> <span class='ocrx_word' id='word_1_354' title='bbox 1394 2482 1539 2524; x_wconf 80' lang='lat' dir='ltr'><strong>Cottae,</strong></span> 
     </span>
     <span class='ocr_line' id='line_1_41' title="bbox 81 2527 1542 2574; baseline 0.001 -14"><span class='ocrx_word' id='word_1_355' title='bbox 81 2528 189 2560; x_wconf 88' lang='lat' dir='ltr'><strong>cuius</strong></span> <span class='ocrx_word' id='word_1_356' title='bbox 215 2531 337 2559; x_wconf 86' lang='lat' dir='ltr'><strong>mater</strong></span> <span class='ocrx_word' id='word_1_357' title='bbox 359 2527 435 2559; x_wconf 87' lang='lat' dir='ltr'><strong>fuit</strong></span> <span class='ocrx_word' id='word_1_358' title='bbox 461 2527 616 2566; x_wconf 87' lang='lat' dir='ltr'><strong>Rutilia,</strong></span> <span class='ocrx_word' id='word_1_359' title='bbox 642 2528 859 2574; x_wconf 84' lang='lat' dir='ltr'><strong>propinquo</strong></span> <span class='ocrx_word' id='word_1_360' title='bbox 888 2534 924 2562; x_wconf 90' lang='lat' dir='ltr'><strong>et</strong></span> <span class='ocrx_word' id='word_1_361' title='bbox 958 2530 1113 2562; x_wconf 81' lang='lat' dir='ltr'><strong>fortasse</strong></span> <span class='ocrx_word' id='word_1_362' title='bbox 1138 2528 1278 2562; x_wconf 83' lang='lat' dir='ltr'><strong>harum</strong></span> <span class='ocrx_word' id='word_1_363' title='bbox 1305 2540 1438 2562; x_wconf 86' lang='lat' dir='ltr'><strong>rerum</strong></span> <span class='ocrx_word' id='word_1_364' title='bbox 1465 2534 1542 2562; x_wconf 85' lang='lat' dir='ltr'><strong>stu-</strong></span> 
     </span>
     <span class='ocr_line' id='line_1_42' title="bbox 82 2574 1540 2620; baseline 0.001 -12"><span class='ocrx_word' id='word_1_365' title='bbox 82 2574 197 2609; x_wconf 86' lang='lat' dir='ltr'><strong>dioso.</strong></span> <span class='ocrx_word' id='word_1_366' title='bbox 249 2574 374 2618; x_wconf 84' lang='lat' dir='ltr'><strong>Atque</strong></span> <span class='ocrx_word' id='word_1_367' title='bbox 401 2574 431 2607; x_wconf 88' lang='lat' dir='ltr'><strong>is</strong></span> <span class='ocrx_word' id='word_1_368' title='bbox 459 2580 524 2616; x_wconf 85' lang='lat' dir='ltr'><strong>est,</strong></span> <span class='ocrx_word' id='word_1_369' title='bbox 553 2576 628 2610; x_wconf 84' lang='lat' dir='ltr'><strong>nisi</strong></span> <span class='ocrx_word' id='word_1_370' title='bbox 654 2578 779 2615; x_wconf 82' lang='lat' dir='ltr'><strong>fallor,</strong></span> <span class='ocrx_word' id='word_1_371' title='bbox 815 2575 882 2620; x_wconf 87' lang='lat' dir='ltr'><strong>qui</strong></span> <span class='ocrx_word' id='word_1_372' title='bbox 908 2577 1003 2610; x_wconf 89' lang='lat' dir='ltr'><strong>belli</strong></span> <span class='ocrx_word' id='word_1_373' title='bbox 1035 2576 1160 2610; x_wconf 88' lang='lat' dir='ltr'><strong>civilis</strong></span> <span class='ocrx_word' id='word_1_374' title='bbox 1187 2576 1302 2610; x_wconf 87' lang='lat' dir='ltr'><strong>initio</strong></span> <span class='ocrx_word' id='word_1_375' title='bbox 1328 2576 1540 2610; x_wconf 85' lang='lat' dir='ltr'><strong>Sardiniam</strong></span> 
     </span>
     <span class='ocr_line' id='line_1_43' title="bbox 81 2621 1542 2670; baseline 0.003 -15"><span class='ocrx_word' id='word_1_376' title='bbox 81 2621 254 2656; x_wconf 85' lang='lat' dir='ltr'><strong>retinuit.</strong></span> <span class='ocrx_word' id='word_1_377' title='bbox 280 2622 366 2656; x_wconf 85' lang='lat' dir='ltr'><strong>Vid.</strong></span> <span class='ocrx_word' id='word_1_378' title='bbox 396 2621 496 2658; x_wconf 86' lang='lat' dir='ltr'><strong>Caes.</strong></span> <span class='ocrx_word' id='word_1_379' title='bbox 524 2623 569 2657; x_wconf 87' lang='lat' dir='ltr'><strong>de</strong></span> <span class='ocrx_word' id='word_1_380' title='bbox 595 2625 633 2659; x_wconf 92' lang='grc' dir='ltr'><strong>Β.</strong></span> <span class='ocrx_word' id='word_1_381' title='bbox 662 2625 744 2659; x_wconf 89' lang='lat' dir='ltr'><strong>Civ.</strong></span> <span class='ocrx_word' id='word_1_382' title='bbox 773 2627 807 2664; x_wconf 86' lang='lat'><strong>1,</strong></span> <span class='ocrx_word' id='word_1_383' title='bbox 833 2627 889 2659; x_wconf 89' lang='grc'><strong>30.</strong></span> <span class='ocrx_word' id='word_1_384' title='bbox 929 2626 1142 2658; x_wconf 78' lang='grc' dir='ltr'><strong>ΟΟΗΒΑΙ).</strong></span> <span class='ocrx_word' id='word_1_385' title='bbox 1175 2643 1223 2649; x_wconf 91' lang='lat'><strong>—-·</strong></span> <span class='ocrx_word' id='word_1_386' title='bbox 1257 2625 1298 2659; x_wconf 80' lang='lat' dir='ltr'><strong>de</strong></span> <span class='ocrx_word' id='word_1_387' title='bbox 1324 2625 1542 2670; x_wconf 75' lang='lat' dir='ltr'><strong>Syre..Sa-</strong></span> 
     </span>
     <span class='ocr_line' id='line_1_44' title="bbox 81 2669 1245 2717; baseline 0.003 -14"><span class='ocrx_word' id='word_1_388' title='bbox 81 2676 176 2717; x_wconf 78' lang='lat' dir='ltr'><strong>tyro,</strong></span> <span class='ocrx_word' id='word_1_389' title='bbox 206 2669 273 2715; x_wconf 88' lang='lat' dir='ltr'><strong>qui</strong></span> <span class='ocrx_word' id='word_1_390' title='bbox 301 2674 411 2704; x_wconf 82' lang='lat' dir='ltr'><strong>erant</strong></span> <span class='ocrx_word' id='word_1_391' title='bbox 437 2682 482 2703; x_wconf 82' lang='lat' dir='ltr'><strong>ex</strong></span> <span class='ocrx_word' id='word_1_392' title='bbox 507 2671 626 2705; x_wconf 86' lang='lat' dir='ltr'><strong>Attici</strong></span> <span class='ocrx_word' id='word_1_393' title='bbox 653 2672 805 2706; x_wconf 81' lang='lat' dir='ltr'><strong>libertis</strong></span> <span class='ocrx_word' id='word_1_394' title='bbox 832 2672 895 2706; x_wconf 90' lang='lat' dir='ltr'><strong>vel</strong></span> <span class='ocrx_word' id='word_1_395' title='bbox 921 2673 1039 2706; x_wconf 85' lang='lat' dir='ltr'><strong>servis</strong></span> <span class='ocrx_word' id='word_1_396' title='bbox 1065 2672 1245 2706; x_wconf 84' lang='lat' dir='ltr'><strong>literatis.</strong></span> 
     </span>
    </p>
   </div>
   <div class='ocr_carea' id='block_1_12' title="bbox 172 2729 1544 2831">
    <p class='ocr_par' dir='ltr' id='par_1_12' title="bbox 172 2729 1544 2831">
     <span class='ocr_line' id='line_1_45' title="bbox 172 2729 1544 2778; baseline 0.002 -13"><span class='ocrx_word' id='word_1_397' title='bbox 172 2733 208 2765; x_wconf 89' lang='grc'><strong>3.</strong></span> <span class='ocrx_word' id='word_1_398' title='bbox 257 2730 298 2763; x_wconf 83' lang='lat' dir='ltr'><strong>de</strong></span> <span class='ocrx_word' id='word_1_399' title='bbox 323 2729 449 2763; x_wconf 76' lang='lat' dir='ltr'><strong>bortis.</strong></span> <span class='ocrx_word' id='word_1_400' title='bbox 483 2730 519 2763; x_wconf 91' lang='lat' dir='ltr'><strong>S.</strong></span> <span class='ocrx_word' id='word_1_401' title='bbox 549 2743 607 2777; x_wconf 84' lang='lat' dir='ltr'><strong>ep.</strong></span> <span class='ocrx_word' id='word_1_402' title='bbox 633 2733 718 2774; x_wconf 86' lang='lat'><strong>538,</strong></span> <span class='ocrx_word' id='word_1_403' title='bbox 743 2733 767 2767; x_wconf 89' lang='grc'><strong>2</strong></span> <span class='ocrx_word' id='word_1_404' title='bbox 793 2744 826 2766; x_wconf 79' lang='grc' dir='ltr'><strong>ιι.</strong></span> <span class='ocrx_word' id='word_1_405' title='bbox 853 2745 879 2764; x_wconf 81' lang='lat' dir='ltr'><strong>s.</strong></span> <span class='ocrx_word' id='word_1_406' title='bbox 907 2745 956 2767; x_wconf 83' lang='lat' dir='ltr'><strong>w.</strong></span> <span class='ocrx_word' id='word_1_407' title='bbox 991 2750 1037 2757; x_wconf 83' lang='lat'><strong>—</strong></span> <span class='ocrx_word' id='word_1_408' title='bbox 1073 2732 1137 2767; x_wconf 81' lang='lat' dir='ltr'><strong>sed</strong></span> <span class='ocrx_word' id='word_1_409' title='bbox 1153 2737 1285 2778; x_wconf 79' lang='lat' dir='ltr'><strong>potero</strong></span> <span class='ocrx_word' id='word_1_410' title='bbox 1309 2734 1397 2768; x_wconf 80' lang='lat' dir='ltr'><strong>meis</strong></span> <span class='ocrx_word' id='word_1_411' title='bbox 1422 2732 1544 2768; x_wconf 81' lang='lat' dir='ltr'><strong>facul·-</strong></span> 
     </span>
     <span class='ocr_line' id='line_1_46' title="bbox 1186 2792 1270 2831; baseline 0 0"><span class='ocrx_word' id='word_1_412' title='bbox 1186 2792 1270 2831; x_wconf 82' lang='grc'><strong>17*</strong></span> 
     </span>
    </p>
   </div>
  </div>
 </body>
</html>
