1795 3081
221 115 319 164 260
510 109 576 159 Μ.
611 111 665 159 Τ.
701 104 1043 163 CICERONIS
1079 104 1465 158 EPISTOLAE.

224 235 341 286 dam,
370 247 395 275 a
429 244 515 286 quo
545 243 705 277 emero,
737 243 821 271 non
850 229 951 285 plns
979 238 1122 269 annua
1146 240 1323 282 possum
1344 227 1540 281 assequi:
1571 224 1688 281 quod

224 292 351 335 volo,
398 291 437 328 si
473 294 521 326 tu
558 300 628 327 me
664 285 864 326 adiuvas.
923 285 1195 325 Paratissimi
1224 290 1325 324 sunt
1354 284 1510 323 Drusi:
1564 284 1690 335 cupit

226 347 341 386 enim
373 342 579 384 vendere.
622 342 851 381 Proximos
880 347 985 394 puto
1008 341 1212 379 Lamiae:
1244 338 1320 379 sed
1349 339 1479 378 abest.
1524 336 1595 375 Tu
1624 343 1690 377 ta-

227 415 343 448 men,
376 400 412 438 si
443 396 549 451 quid
578 403 715 451 potes,
747 395 947 436 odorare.
1001 395 1069 435 Ne
1086 394 1222 433 Silius
1247 393 1422 447 quidem
1452 391 1690 446 quidquam

228 458 371 495 utitur
408 459 452 493 et
491 451 558 492 his
594 452 742 492 usuris
780 452 989 492 facillime
1019 450 1349 497 sustentabitur.
1409 448 1533 487 Habe
1563 453 1689 486 tuum

230 511 478 565 negotium3
525 515 626 558 nec,
679 505 788 561 quid
817 521 887 547 res
919 519 1011 545 mea
1040 506 1271 544 familiaris
1302 504 1507 558 postulet,
1559 515 1690 555 quam

230 579 309 620 ego
340 576 429 604 non
460 576 588 609 curo,
615 561 692 602 sed
721 561 831 616 quid
858 563 990 602 velim
1021 568 1066 601 et
1095 573 1176 600 cur
1205 561 1356 607 velim,
1388 559 1606 600 existima.

422 710 743 761 EPISTOLA
779 710 957 758 DXLI.
1011 709 1091 770 (ad
1125 709 1226 758 An.
1262 710 1371 758 XII.
1408 709 1510 769 23.)

366 801 449 836 Ser.
476 801 638 835 Asturae
665 810 797 833 mense
822 798 966 834 Martio
992 799 1036 834 A.
1064 799 1109 834 U.
1137 800 1177 834 G.
1205 801 1287 835 709.
1339 799 1388 841 (a.
1416 797 1455 833 C.
1481 797 1557 838 45.)

233 874 314 910 Cur
329 874 492 909 Romam
518 873 656 907 venire
682 871 797 913 nolit,
824 871 996 914 exponit.
1023 874 1056 905 1.
1083 871 1128 904 de
1142 871 1325 906 Terentia
1351 876 1393 904 ut
1418 875 1544 910 curet,
1569 871 1691 915 rogat.

433 925 468 959 2.
496 921 542 956 de
567 920 720 954 Atticae
746 918 991 958 valetudine3
1020 920 1065 952 de
1091 919 1219 954 hortis
1246 918 1432 954 emendis.
1458 919 1492 953 3.

739 989 918 1025 CICERO
947 990 1129 1024 ATTICO
1156 989 1193 1024 S.

343 1066 554 1106 Putaram
568 1070 612 1104 te
625 1063 791 1118 aliquid
808 1063 911 1104 novi
925 1085 973 1092 -—
990 1062 1108 1116 quod
1123 1062 1339 1104 eiusmodi
1354 1064 1497 1103 fuerat
1517 1061 1692 1101 initium

234 1123 473 1162 literarum
510 1139 566 1147 -—
610 1119 807 1172 quamvis
853 1131 940 1158 non
988 1132 1191 1158 curarem
1241 1119 1346 1172 quid
1391 1120 1436 1157 in
1479 1118 1694 1170 Hispania

233 1179 385 1227 fieret,
426 1182 575 1215 tamen
613 1181 658 1215 te
695 1176 987 1228 scripturum:
1039 1173 1115 1213 sed
1152 1174 1361 1215 videlicet
1399 1175 1507 1214 meis
1551 1174 1695 1212 literis

236 1230 523 1286 respondisti,
552 1235 603 1269 ut
633 1229 685 1269 de
714 1231 811 1269 foro
842 1235 884 1269 et
913 1227 964 1269 de
994 1230 1134 1269 curia.
1189 1229 1308 1279 „Sed
1337 1230 1487 1269 domus
1517 1233 1602 1273 est,
1646 1231 1696 1264 ut

237 1289 318 1337 ais,
350 1283 546 1326 forum.“
603 1284 720 1336 Quid
749 1286 845 1338 ipsa
875 1283 1002 1323 domo
1034 1285 1145 1324 mihi
1167 1299 1276 1337 opus
1299 1293 1362 1325 est
1381 1286 1549 1325 carenti
1571 1283 1694 1323 foro?

238 1341 510 1391 occidimus,
540 1339 798 1390 occidimus,
827 1339 985 1389 Attice,
1003 1341 1091 1378 iam
1111 1341 1281 1394 pridem
1300 1354 1377 1380 nos
1398 1339 1586 1393 quidem,
1619 1334 1696 1376 sed

236 1411 354 1437 nunc
383 1397 587 1446 fatemur,
618 1401 769 1449 postea
798 1408 928 1448 quam
957 1408 1109 1445 unum,
1140 1409 1226 1450 quo
1249 1395 1517 1441 tenebamur,
1547 1393 1697 1433 amisi-

238 1535 402 1577 tatibus,
440 1534 532 1568 aber
564 1533 631 1567 ich
664 1532 798 1569 werde
831 1532 906 1566 mit
932 1532 1021 1567 dem
1048 1533 1255 1581 Meinigen
1281 1532 1524 1567 ausreichen.
1552 1550 1596 1557 —
1621 1542 1696 1565 non

236 1586 322 1630 plus
346 1595 468 1616 samua
494 1581 577 1616 scil.
606 1582 682 1623 die,
709 1593 837 1616 usura.
873 1581 929 1615 De
957 1581 1118 1628 Graevii
1147 1592 1244 1626 susp.
1272 1581 1359 1615 sch.
1388 1593 1548 1615 annuum
1574 1580 1694 1616 Oxon·

238 1634 274 1668 2.
302 1631 400 1664 Ball.
428 1643 562 1664 annum
590 1631 689 1664 Cett.
724 1641 812 1662 cum
840 1629 917 1662 Md.
949 1629 1023 1662 ΟΒ.
1076 1628 1302 1663 Vorziehen
1339 1629 1485 1663 m’dcht’
1522 1628 1587 1662 ich
1622 1639 1696 1661 non

238 1681 323 1726 plus
339 1691 475 1720 annua,
498 1691 647 1724 possum
664 1680 816 1722 assequi,
843 1676 938 1722 quod
954 1679 1055 1718 υοῖο,·
1080 1680 1113 1711 si
1129 1683 1170 1710 tu
1189 1690 1242 1711 me
1263 1678 1433 1718 adiuva83
1450 1677 1564 1718 aber,
1591 1675 1695 1710 ohne

242 1728 374 1762 Etvvas
401 1725 619 1759 verkaufen
645 1738 693 1758 zu
721 1728 870 1759 miissen
896 1725 976 1758 und
1004 1725 1105 1758 ohne
1132 1726 1250 1766 Dem,
1288 1736 1364 1759 von
1400 1725 1592 1759 welchem
1628 1722 1696 1756 ich

241 1774 371 1816 kaufe,
401 1773 552 1819 capital
580 1786 616 1806 u.
633 1773 776 1807 Zinsen
803 1772 943 1819 lang-er
970 1772 1023 1806 als
1051 1773 1219 1807 einIahr
1244 1772 1426 1820 schuldig
1451 1785 1498 1805 zu
1524 1772 1695 1811 bleiben,

241 1823 374 1857 werde
402 1821 469 1854 ich
494 1834 542 1855 zu
570 1822 735 1855 meinem
752 1820 916 1855 Zwecke
944 1820 1144 1862 kommen,
1171 1832 1289 1854 wenn
1305 1818 1365 1854 Du
1392 1821 1469 1854 mir
1495 1832 1571 1853 nur
1597 1819 1695 1853 dazu

241 1869 460 1904 behiilflich
486 1869 571 1903 bist.
600 1887 644 1894 —
677 1871 923 1913 paratissimi,
950 1869 1035 1902 sind
1062 1881 1121 1902 am
1149 1867 1384 1903 leichtesten
1409 1881 1458 1901 zu
1483 1868 1621 1901 haben.
1651 1886 1694 1892 —

239 1921 342 1962 cupit
365 1920 462 1952 enim
487 1917 570 1950 scil.
600 1917 754 1952 Drusus.
784 1935 826 1942 -—
863 1918 1028 1958 odorare,
1054 1916 1164 1950 riech
1193 1916 1369 1950 einmahl
1394 1917 1436 1949 in
1459 1916 1521 1951 die
1547 1915 1694 1950 Kiiche.

240 1964 337 2000 Scil.
375 1978 422 1999 an
455 1965 612 1999 Lamiae
645 1965 754 1999 horti
787 1966 941 1999 venales
973 1965 1062 1998 sint.
1090 1982 1134 1989 —-
1161 1965 1282 1999 Silius.
1332 1964 1367 1999 S.
1395 1977 1443 1997 zu
1470 1976 1526 2009 ep.
1554 1966 1644 2005 533,
1671 1965 1695 1998 2

241 2025 371 2061 geg-en
397 2013 520 2047 Ende.
552 2031 598 2037 —
638 2017 757 2046 utitur
781 2012 906 2047 hortis
933 2013 1009 2045 suis
1035 2012 1228 2056 facileque
1254 2013 1408 2047 vendet.
1447 2011 1558 2048 ERN.
1589 2031 1633 2037 -—-
1660 2017 1695 2046 et

241 2062 299 2095 his
329 2062 373 2095 de
400 2061 524 2105 L-ipsii
563 2063 663 2102 (Ant.
690 2064 786 2095 lectt.
814 2063 858 2102 IL,
888 2063 961 2102 19.)
1003 2067 1040 2095 et
1064 2060 1166 2094 Bosii
1201 2060 1240 2093 in
1269 2061 1360 2095 Add.
1398 2073 1497 2105 susp.
1525 2060 1614 2094 Sch.
1647 2063 1696 2094 iis

243 2109 339 2143 Ceu.
373 2109 445 2142 ΟΒ.
472 2112 503 2142 is
529 2109 625 2148 Liin,
654 2121 700 2143 ex
719 2109 807 2144 Sch.
836 2109 984 2143 emend.
1010 2127 1058 2133 —
1080 2110 1354 2150 sustentabitur,
1381 2121 1418 2143 u.
1445 2109 1547 2143 wird
1572 2108 1695 2143 leicht

243 2156 370 2190 durch
394 2155 528 2190 solche
544 2158 686 2191 Zinsen
713 2157 871 2191 kb'nnen
898 2158 1106 2190 vertriistet
1127 2157 1294 2192 werden.
1346 2156 1480 2198 Silius,
1508 2158 1693 2200 quoniam

243 2204 350 2238 dives
371 2209 439 2246 est,
467 2205 584 2239 facile
603 2205 926 2244 commovebitur,
953 2211 996 2238 ut
1017 2204 1248 2239 solutionem
1272 2206 1313 2238 in
1334 2217 1478 2239 annum
1500 2204 1694 2244 differam,

243 2252 471 2295 intereaque
504 2254 629 2286 usuris
663 2259 865 2287 contentus
892 2252 980 2287 erit.
1032 2252 1133 2285 SCH.
1174 2257 1374 2287 sustentari
1395 2264 1444 2284 z
1468 2255 1693 2294 vertriistet,

242 2299 504 2347 hingehalten
530 2300 701 2342 werden,
729 2301 810 2334 dass
837 2312 880 2335 er
906 2302 979 2334 mit
1005 2299 1074 2333 der
1087 2301 1339 2349 Auszahlung
1365 2301 1694 2335 derKaufsumme

243 2347 307 2382 ein
334 2345 426 2380 Iahr
450 2354 584 2381 warte.
621 2366 665 2374 -
705 2348 793 2382 habe
818 2359 866 2381 Ξ
891 2347 1071 2382 existima
1107 2353 1208 2382 tuum
1232 2352 1418 2395 negotium
1451 2360 1538 2382 esse.
1590 2349 1694 2382 Haec

242 2407 301 2429 res
326 2394 399 2428 tibi
425 2406 537 2429 curae
564 2395 626 2436 sit,
655 2396 750 2430 item
778 2404 819 2430 ut
845 2397 873 2430 si
902 2403 967 2430 tua
994 2408 1053 2429 res
1079 2404 1184 2430 esset.
1236 2397 1364 2431 Genus
1391 2397 1577 2440 loquendi
1603 2408 1693 2442 per-

243 2443 418 2490 elegans,
458 2454 532 2486 quo
560 2450 596 2476 et
624 2445 728 2477 infra
756 2445 879 2479 utitur
904 2445 950 2477 ad
977 2443 1094 2477 Attio.
1122 2444 1226 2485 XIV,
1253 2447 1285 2481 2.
1335 2444 1522 2480 MANUT.
1556 2463 1601 2472 -
1636 2456 1694 2479 res
1756 2443 1759 2447 ’

242 2503 334 2531 mea,
362 2490 490 2524 meine
516 2490 727 2526 Finanzen.
753 2510 799 2517 —
825 2496 992 2527 existima
1017 2503 1065 2524 Ξ
1089 2499 1218 2526 tecum
1246 2501 1393 2538 reputa.

336 2553 367 2586 1.
417 2552 610 2584 literarum
634 2557 782 2585 tuarum
809 2552 944 2600 Margo
972 2554 1076 2587 1584.
1104 2570 1145 2577 —
1176 2557 1211 2585 te
1235 2556 1458 2598 scripturum
1484 2552 1529 2586 de
1556 2552 1692 2597 Hispa-

240 2597 319 2630 nia.
345 2616 390 2623 --
415 2600 478 2632 sed
500 2624 508 2631 .
539 2624 547 2632 .
574 2624 582 2632 .
610 2602 846 2643 respondisti,
882 2601 970 2634 aber
1002 2600 1069 2633 ich
1094 2599 1211 2639 finde,
1241 2601 1321 2633 dass
1347 2602 1448 2635 Dein
1474 2601 1582 2633 Brief
1603 2602 1693 2634 eine

239 2643 361 2679 blosse
373 2647 555 2680 Antwort
581 2648 650 2679 auf
673 2647 744 2680 den
772 2649 973 2695 meinigeu
1001 2648 1061 2682 ist.
1080 2667 1127 2672 —
1152 2650 1330 2691 videlicet,
1358 2649 1540 2687 sichtbar,
1569 2648 1692 2682 offen-

237 2691 317 2725 bar.
368 2693 405 2730 S.
432 2693 581 2727 Rsmsh
612 2697 641 2735 §.
672 2697 749 2730 187.
779 2715 820 2720 —
856 2698 896 2729 cle
919 2695 1013 2740 foro
1040 2701 1075 2731 et
1099 2696 1139 2729 de
1165 2700 1279 2730 curia.
1329 2696 1364 2730 S.
1393 2708 1448 2740 ep.
1476 2698 1558 2738 538,
1585 2697 1619 2730 5.
1649 2714 1691 2722 -

236 2750 366 2779 unum,
405 2753 475 2787 quo
502 2743 733 2785 tenebamur,
773 2743 835 2778 das
860 2744 1053 2793 Einzige,
1091 2754 1227 2780 woran
1254 2744 1320 2778 ich
1346 2744 1448 2778 noch
1474 2744 1582 2790 hing.
1635 2744 1693 2778 Er
