1795 3081
506 89 831 140 EPISTOLA
867 91 1177 142 CCCXCVI.
1541 96 1571 141 3

106 226 178 253 mo
209 211 366 253 dolore
394 213 612 252 scribere:
651 214 833 252 fuerunt
862 212 1036 265 quidem
1067 220 1229 264 tantae,
1272 221 1321 254 ut
1352 214 1410 260 id,
1453 214 1571 267 quod

106 268 245 319 vides,
300 270 541 308 effecerint.
619 267 772 321 Itaque
819 281 899 307 nec
945 267 1051 320 quid
1095 268 1150 308 ad
1195 275 1239 308 te
1283 271 1474 309 scribam
1518 269 1570 308 de

107 326 215 363 meis
268 324 399 363 rebus
450 337 530 363 nec
578 322 684 376 quid
729 336 755 362 a
806 329 848 362 te
890 330 1051 375 petam,
1104 325 1294 376 reperio.
1372 325 1479 364 Rem
1528 331 1572 364 et

107 392 319 419 summam
348 380 517 434 negotii
546 377 681 417 vides.
753 377 964 430 Equidem
995 392 1046 418 ex
1075 381 1162 418 tuis
1194 380 1336 419 literis
1368 381 1569 419 intellexi

107 442 150 475 et
179 436 245 481 iis,
278 447 384 486 quas
415 436 710 473 communiter
741 445 840 471 cum
869 434 971 471 aliis
1001 434 1236 486 scripsisti,
1276 441 1319 474 ct
1348 435 1417 483 iis,
1459 447 1564 487 quas

106 497 183 529 tuo
214 491 403 536 nomine,
435 488 552 541 quod
581 490 717 527 etiam
750 501 847 528 mea
883 495 1037 541 sponte
1073 489 1292 537 videbam,
1331 496 1375 528 tc
1415 489 1569 528 subde-

105 546 331 585 bilitatum
380 557 517 583 novas
564 544 760 582 rationes
809 543 963 583 tuendi
1010 545 1098 583 mei
1138 557 1367 596 quaerere.
1443 542 1613 596 Qnod2

105 600 264 640 scribis
294 600 485 652 placere,
528 606 579 637 ut
608 600 790 653 propius
833 598 1039 638 accedam
1080 600 1254 652 iterque
1291 613 1372 652 per
1409 599 1572 652 oppida

106 662 242 694 noctu
280 657 455 705 faciam,
500 666 587 693 non
627 667 730 693 sane
778 653 925 700 video,
976 654 1343 706 quemadmodum
1390 654 1436 693 id
1472 655 1571 693 ficri

105 712 279 765 possit.'
313 710 470 763 Neque
500 711 616 748 enim
658 710 721 748 ita
757 715 858 761 apta
897 709 1037 748 habeo
1077 709 1348 761 deversoria,
1386 716 1436 748 ut
1476 714 1572 748 tota

106 774 307 819 tempora
336 766 496 804 diurna
526 767 572 803 in
609 765 664 802 iis
707 766 870 817 possim
909 776 1191 815 consumere3
1241 778 1381 817 neque
1420 764 1474 802 ad
1510 764 1570 813 id,

106 821 224 875 quod
254 822 441 874 quaeris,
473 820 660 859 multum
689 820 887 865 interest,
919 825 1071 858 utrum
1100 833 1169 859 me
1199 820 1396 858 homines
1419 821 1465 858 in
1495 832 1570 872 op-

105 876 210 930 pido
253 875 448 926 videant,
492 889 548 914 an
585 876 633 913 in
666 876 754 914 via.
820 873 907 914 Sed
950 881 1096 914 tamen
1136 875 1220 914 hoc
1258 877 1416 928 ipsum,
1458 875 1573 914 sicut

106 933 208 977 alia,
262 931 574 981 considerabo,
643 928 1011 984 quemadmodum
1070 930 1422 969 commodissime
1473 930 1572 968 ficri

104 1001 231 1041 posse
270 986 490 1026 videatur.
561 986 652 1041 Ego
695 991 882 1038 propter
920 984 1229 1025 incredibilem
1270 992 1314 1025 et
1351 986 1486 1023 animi
1528 984 1612 1024 et3

107 1043 311 1096 corporis
352 1043 601 1081 molestiam
637 1041 855 1080 conficere
898 1041 1048 1093 plures
1088 1041 1241 1080 literas
1290 1054 1376 1079 non
1423 1041 1569 1091 potui:

91 1098 160 1137 viis
190 1104 362 1137 tantum
396 1097 618 1149 rescripsi,
661 1109 687 1134 a
730 1096 887 1148 quibus
918 1108 1187 1148 acceperam.
1262 1095 1334 1135 Tu
1362 1096 1498 1134 velim
1529 1100 1573 1133 et

104 1153 252 1193 Basilo
283 1160 327 1192 et
356 1153 514 1205 quibus
544 1157 777 1204 praeterea
805 1150 1046 1200 videbitur,
1079 1152 1212 1189 etiam
1240 1150 1435 1190 Servilio
1469 1163 1574 1188 con-

104 1209 288 1259 scribas,
317 1214 368 1247 ut
396 1209 480 1247 tibi
509 1206 750 1255 videbitur,
782 1219 879 1245 meo
910 1207 1099 1246 nomine.
1174 1206 1303 1258 Quod
1342 1212 1464 1245 tanto
1505 1206 1573 1243 in—

104 1264 298 1303 tervallo
328 1263 444 1302 nihil
476 1264 655 1302 omnino
686 1261 742 1300 ad
771 1274 862 1308 VOS,
895 1259 924 1311 ἦ·
947 1263 1125 1313 scriptis
1156 1261 1315 1307 literis,
1367 1262 1570 1314 profecto

105 1320 322 1375 intelligis
352 1318 586 1370 remlmihi
616 1317 777 1368 deesse,
810 1316 864 1356 de
894 1329 979 1368 qua
1009 1317 1216 1367 scribam,
1247 1329 1336 1355 non
1366 1317 1573 1355 volunta·

105 1434 249 1468 reissen
275 1445 322 1466 zu
348 1433 483 1470 lassen,
522 1432 577 1464 als
603 1442 679 1464 von
706 1429 979 1476 Ueberlegung
1007 1427 1210 1462 Gebrauch
1242 1440 1290 1460 zu
1316 1426 1490 1461 macheu.
1526 1446 1573 1453 —-

105 1482 300 1527 effecerint,
326 1487 369 1514 ut
394 1486 480 1526 post
504 1490 675 1526 pugnam
701 1477 956 1511 Pharsalicam
984 1476 1024 1508 in
1053 1477 1204 1509 ltaliam
1244 1476 1425 1512 redirem,
1467 1477 1572 1512 SCH,

105 1530 194 1564 Und
231 1528 330 1562 doch
364 1541 442 1563 was
478 1528 593 1561 sollte
633 1527 696 1560 ein
732 1526 773 1557 in
807 1524 868 1557 die
895 1524 1068 1557 Zukunft
1106 1524 1334 1557 blickender
1360 1525 1473 1556 Mam:
1498 1523 1573 1557 wie

107 1578 244 1612 Cicero
270 1577 331 1611 bei
357 1577 442 1610 dem
469 1575 671 1620 planlosen
693 1572 771 1606 und
790 1584 1015 1619 grausamen
1031 1572 1252 1605 Benehnien
1282 1571 1350 1605 der
1375 1572 1573 1616 Pompeia-

105 1638 176 1660 ner
200 1625 280 1658 und
306 1625 526 1669 Optimaten
542 1622 686 1655 Anders
714 1620 810 1653 'chun
826 1621 842 1652 ἶ)
857 1639 902 1644 ——
919 1622 959 1653 de
979 1633 1025 1653 m.
1043 1622 1157 1660 rebus,
1184 1619 1278 1653 iiber
1302 1619 1431 1653 meine
1460 1621 1573 1667 Lage.

107 1675 375 1721 quod...quod
409 1673 502 1705 Ern.
531 1670 658 1712 tacite,
699 1668 786 1703 Sch.
813 1669 910 1701 Liin.
938 1687 978 1693 -
1007 1670 1256 1709 Re172,.vz·des‚
1285 1667 1335 1700 du
1360 1667 1574 1701 iibersiehst

103 1722 175 1755 mit
203 1721 327 1755 einem
354 1720 470 1753 Blick
496 1719 557 1752 die
585 1729 702 1766 ganze
729 1716 861 1751 Sache.
882 1735 926 1740 —
945 1720 979 1749 et
1004 1719 1064 1753 iis,
1089 1716 1145 1748 sic
1166 1715 1292 1749 Lamb.
1320 1715 1392 1748 his.
1408 1715 1484 1748 ,Ῐιίε
1498 1715 1572 1748 Md.

105 1789 152 1795 -
177 1776 211 1804 te
237 1770 536 1803 subdebilitatam
561 1767 640 1806 (ein
667 1765 762 1804 ἅπαξ
787 1764 878 1808 λεγ.)
904 1790 932 1797 ..
949 1791 956 1798 .
973 1776 1155 1809 quaerere,
1194 1763 1273 1796 dass
1300 1762 1360 1796 Du
1386 1763 1572 1796 ziemlich

105 1819 302 1865 verlegen,
327 1814 604 1862 kleinlniithig,
632 1813 729 1848 nach
755 1824 879 1846 neuen
897 1813 1052 1846 Mitteln
1078 1812 1159 1844 und
1176 1811 1328 1858 Wegen
1355 1810 1457 1843 Dich
1483 1823 1569 1843 um·-

106 1865 236 1900 siehst.
262 1865 369 1898 mich
395 1864 572 1898 aufrecht
608 1875 656 1895 zu
691 1860 875 1897 erhalten.
912 1865 946 1894 te
971 1860 1092 1894 subita
1127 1872 1164 1893 re
1200 1861 1305 1905 quasi
1341 1860 1573 1893 debilitatum

105 1916 235 1962 Margo
264 1914 364 1947 Crat.
393 1914 466 1948 ΟΒ.

201 1977 234 2009 2.
285 1975 440 2018 propius
465 1971 509 2004 ad
537 1971 682 2004 urbem.
710 1988 757 1995 —-
789 1981 857 2014 per
884 1969 1021 2013 oppida
1047 1966 1331 2001 interiacentia.
1369 1985 1417 1991 —
1451 1969 1489 2000 ἰη
1516 1967 1572 2002 iis.

106 2021 169 2056 Sic
185 2022 314 2055 Lamb.
341 2022 397 2054 his
420 2021 515 2055 Cett.
543 2038 590 2043 —
617 2019 666 2052 cad
689 2020 739 2059 id,
768 2019 864 2063 quod
887 2020 1046 2063 quaeris,
1069 2017 1133 2048 fiir
1160 2016 1242 2053 Das,
1263 2027 1338 2047 was
1365 2013 1425 2048 Du
1453 2015 1572 2047 damit

106 2069 400 2116 beabsichtigst:
439 2079 486 2101 ne
522 2067 567 2100 de
602 2077 752 2100 accessu
779 2077 862 2099 meo
888 2064 933 2097 ad
961 2064 1206 2098 Caesarianos
1233 2063 1438 2097 deferatur.
1490 2064 1573 2097 Hoc

109 2123 162 2151 est
189 2119 305 2159 enim,
331 2128 401 2151 cur
424 2126 485 2148 me
511 2115 606 2149 velis
633 2119 750 2148 noctu
776 2114 852 2147 iter
877 2115 1014 2147 facere.
1042 2111 1222 2146 MANUT.

203 2192 238 2225 3.
284 2192 346 2230 iis,
374 2188 446 2226 Md,
475 2188 530 2221 his
556 2200 662 2220 rescr.
689 2204 733 2210 —
761 2200 784 2219 α
809 2186 903 2229 quib.
931 2196 1059 2227 werp„
1099 2180 1221 2216 denen
1258 2181 1324 2216 ich
1360 2182 1445 2215 eine
1477 2181 1571 2214 Ant-

109 2243 212 2270 Wort
238 2236 417 2284 schuldig
442 2247 532 2269 war.
559 2255 606 2259 —
631 2236 769 2270 Basilo.
805 2233 873 2266 Est
893 2234 933 2270 11.
960 2232 1142 2264 lllinuiius
1169 2231 1316 2263 Basilus
1343 2229 1571 2274 praetorius,

107 2299 206 2319 unus
243 2285 288 2318 de
319 2284 604 2330 percussoribus
633 2282 811 2322 Caesaris,
848 2281 952 2314 cuius
983 2280 1244 2313 meminerunt
1278 2279 1391 2315 Dion,
1429 2278 1571 2322 Appia-

108 2346 177 2367 nus
212 2333 317 2369 Libr.
346 2333 416 2366 ΙΙΙ.
455 2337 490 2365 et
517 2332 621 2366 Flor.
650 2331 755 2363 Libr.
785 2330 857 2362 ΠΙ.
908 2328 963 2361 Ad
988 2328 1094 2360 hunc·
1122 2331 1242 2360 exstat
1268 2325 1464 2360 Ciceronis
1492 2325 1573 2369 epi-

108 2382 205 2415 stola
232 2379 520 2421 (DCLXXVIII.
546 2380 585 2412 h.
614 2379 689 2419 ed.)
716 2378 823 2411 Libr.
853 2377 922 2415 Vl,
950 2380 1006 2411 13.
1036 2375 1082 2408 ad
1108 2374 1242 2409 Famil.
1271 2375 1444 2407 PGPJJA.
1474 2373 1572 2407 Ietzt

108 2441 192 2463 war
226 2440 268 2462 er
305 2427 406 2461 noch
440 2427 500 2461 ein
537 2428 698 2475 eifriger
732 2424 940 2471 Anhang-or
975 2423 1038 2457 des
1077 2423 1219 2457 C'zisars.
1255 2440 1302 2446 --
1346 2422 1383 2455 Ρ.
1419 2422 1572 2454 Servilio

110 2477 272 2511 Isaurici
307 2477 388 2509 filio
422 2474 460 2511 h.
488 2487 519 2508 a.
555 2487 641 2508 cum
678 2475 834 2508 Caesare
861 2471 1022 2506 consuli.
1071 2470 1173 2506 SCH.
1216 2468 1272 2502 Er
1296 2481 1378 2503 war
1404 2468 1571 2502 Cicero’s

111 2525 270 2571 Collcge
297 2525 349 2557 im
377 2523 584 2571 Augurate.
616 2541 656 2547 —
689 2522 711 2566 †
733 2524 883 2566 scriptis
914 2522 1044 2555 literis.
1081 2519 1144 2552 Sic
1180 2522 1361 2562 corrupte
1388 2516 1459 2549 Md.
1504 2515 1571 2551 Cd.

110 2566 274 2608 Crusell.
301 2573 479 2611 Tornaes,
508 2572 624 2604 Oxon.
652 2570 684 2605 1.
711 2571 742 2604 2.
784 2570 868 2604 Asc,
887 2571 918 2602 Ἰ.
950 2568 1050 2603 Cras.
1077 2567 1174 2599 Vict.
1194 2569 1226 2600 1.
1248 2564 1282 2599 2.
1319 2565 1425 2607 Quod
1453 2575 1571 2606 quum

111 2621 312 2653 absurdum
350 2631 426 2653 esse
462 2618 652 2655 viderent,
689 2629 762 2652 omi
799 2629 866 2652 scr.
899 2618 955 2650 lit.
989 2615 1053 2649 Cd.
1091 2615 1245 2648 Decurt.
1274 2612 1412 2645 Manut.
1442 2611 1570 2647 Lamb,

110 2669 193 2702 Bos.
220 2669 333 2712 Seqq.
385 2667 459 2701 Sed
485 2666 699 2700 meminisse
726 2665 903 2700 debemus
930 2661 1042 2697 eiiam
1071 2662 1151 2697 Lib.
1182 2665 1239 2699 10,
1273 2661 1346 2705 Ep.
1374 2660 1432 2701 17,
1460 2663 1491 2693 1.
1532 2659 1572 2691 in

111 2717 206 2753 edd,
235 2728 311 2751 csse
339 2717 491 2761 epistola
516 2718 656 2759 scripta
682 2725 753 2758 pro
781 2715 895 2747 lecta:
923 2712 1022 2745 unde
1048 2711 1116 2743 hic
1143 2720 1295 2754 quoque
1323 2709 1465 2752 optima
1489 2716 1572 2741 sen-

1223 2769 1279 2807 1²⁰¹¹
