1795 3081
653 59 973 109 EPISTOLA
1006 62 1136 108 DCI.
1492 69 1586 115 357

123 179 296 221 tandem
326 179 381 220 ad
409 179 635 232 Quintum.
693 179 840 219 Multa
871 172 1035 233 ἄφατα,
1068 177 1306 239 ἀδιήγηταε
1346 186 1417 226 sed
1452 201 1588 227 unum

124 236 364 282 eiusmodi,
410 235 545 289 quod,
590 235 676 274 nisi
705 237 925 274 exercitus
956 238 1106 284 sciret,
1153 254 1239 279 non
1274 241 1401 281 modo
1432 242 1588 282 Tironi

124 291 313 341 dictare,
354 291 429 331 sed
458 304 512 330 ne
542 293 637 344 ipse
667 288 841 342 quidem
871 290 1076 331 auderem
1108 296 1311 336 scribere.
1370 295 1456 336 Sed
1486 298 1588 336 hac-

122 352 262 386 tenus.
307 341 535 401 Εὗκαίρως
564 344 620 384 ad
648 358 717 384 me
745 347 881 393 venit,
912 359 1047 398 quum
1079 348 1285 389 haberem
1300 350 1587 402 Dolabellam,

124 401 399 455 Torquatus:
429 401 830 451 humanissimeque
859 400 1110 448 Dolabella,
1155 406 1314 457 quibus
1343 408 1491 446 verbis
1522 420 1587 446 se-

122 470 218 496 cum
250 459 448 511 egissem,
481 457 694 508 exposuit.
737 455 1026 495 Commodum
1057 460 1174 497 enim
1205 474 1379 514 egeram
1408 460 1587 516 diligen-

121 514 311 551 tissime:
345 525 454 564 quae
485 510 715 563 diligentia
746 515 871 565 grata
901 518 966 550 est
994 513 1089 552 visa
1104 513 1345 567 Torquato.
1377 516 1414 555 A
1444 523 1486 556 te
1516 524 1628 561 ‹ex-2

120 573 291 621 specto,
337 568 374 606 si
411 565 518 619 quid
558 567 610 605 de
640 566 791 604 Bruto.
851 566 1120 619 Quamquam
1150 569 1302 610 Nicias
1341 575 1586 612 confectum

119 623 324 676 putabat:
369 620 442 660 sed
478 620 721 661 divortium
759 633 846 659 non
884 622 1076 674 probari.
1148 624 1243 674 Quo
1283 628 1413 665 etiam
1450 629 1586 682 magis

119 679 267 717 laboro
299 674 426 722 idem,
459 676 575 730 quod
605 682 666 715 tu.
723 673 771 714 Si
802 675 909 728 quid
938 682 1002 715 est
1031 679 1149 717 enim
1176 682 1443 725 offensionis,
1478 682 1586 722 haec

119 747 190 774 res
221 731 389 772 mederi
418 737 572 785 potest.
630 730 750 769 Mihi
779 731 997 782 Arpinum
1036 733 1226 773 eundum
1264 742 1341 774 est.
1401 736 1513 775 Nam
1543 743 1587 777 et

119 802 229 842 opus
259 793 324 826 est
363 787 571 826 constitui
609 799 634 824 a
671 787 799 825 nobis
836 787 910 824 illa
950 787 1191 840 praediola3
1236 796 1278 829 et
1311 804 1489 839 vereor,
1533 804 1586 831 ne

120 843 306 884 exeundi
336 849 525 896 potestas
555 854 642 880 non
673 843 751 891 sit,
792 854 926 893 quum
957 840 1119 882 Caesar
1146 847 1337 885 venerit:
1378 845 1430 885 de
1461 848 1586 886 cuius

120 899 317 939 adventu
347 911 441 937 eam
469 898 721 950 opinionem
749 894 972 937 Dolabella
1002 897 1152 945 habet,
1195 913 1325 953 quam
1355 907 1403 940 tu
1441 903 1586 941 conie-

120 1014 218 1054 „leh
264 1013 372 1046 kann
412 1010 486 1045 Dir
523 1010 664 1044 Nichts
713 1010 967 1058 gesalligeres
1014 1012 1095 1044 und
1142 1012 1417 1048 liebevolleres
1466 1015 1585 1048 schil-

121 1064 238 1098 dern!
290 1059 476 1093 Namlich
525 1058 580 1091 als
627 1070 765 1092 unsere
814 1058 1111 1106 Unterhaltung
1157 1072 1252 1094 war.
1306 1079 1350 1086 -—
1412 1063 1585 1105 Quintum

119 1110 259 1144 filium.
299 1109 333 1142 S.
363 1119 418 1151 ep.
445 1108 528 1147 563,
555 1108 588 1141 2.
627 1109 710 1147 590,
737 1110 767 1140 1.
806 1108 874 1141 591
903 1117 963 1138 am
990 1106 1102 1140 Ende
1130 1121 1166 1140 u.
1195 1120 1220 1141 s,
1247 1121 1295 1142 W.
1345 1120 1465 1149 „man
1494 1110 1584 1143 kam

120 1156 281 1192 endlich
307 1156 373 1188 auf
397 1155 471 1188 den
488 1154 525 1196 Q.
548 1166 596 1187 zu
623 1153 913 1199 sprechen.“-
938 1153 1057 1187 BIzclta
1083 1156 1214 1188 audivi
1241 1156 1380 1201 ἄφατα,
1406 1156 1585 1203 ιῖδιήγητα

120 1207 144 1240 i.
174 1217 203 1238 e.
235 1215 313 1237 non
341 1202 523 1243 dicenda,
565 1213 643 1235 non
679 1202 882 1234 narranda.
918 1202 1106 1243 „Dicebat
1139 1204 1341 1237 Dolabella
1375 1216 1404 1238 a.
1433 1205 1470 1247 Q.
1500 1207 1584 1240 filio

121 1254 223 1287 dicta
251 1258 384 1285 contra
413 1250 641 1284 Ciceronem
671 1250 712 1282 in
739 1250 945 1294 Hispania,
988 1261 1083 1293 quae
1120 1251 1187 1283 vix
1227 1253 1282 1284 fas
1322 1258 1418 1285 esset
1453 1253 1584 1287 dicere

119 1308 185 1335 aut
210 1310 381 1333 narrare.
412 1298 513 1331 SCH.
542 1297 653 1330 Auch
680 1297 834 1330 Attikus
862 1309 944 1330 war
973 1298 1035 1330 ein
1062 1298 1189 1332 Onkel
1215 1311 1305 1332 vom
1334 1299 1510 1339 Quintus.
1537 1320 1585 1326 —

119 1350 309 1387 eiusmodi,
336 1347 432 1393 quod
453 1356 500 1377 z:
525 1352 568 1378 ut
595 1345 644 1379 id.
672 1363 715 1369 —
743 1349 916 1378 exercitus
943 1345 1112 1378 Caesaris
1142 1346 1183 1378 in
1211 1347 1408 1391 Hispania.
1455 1349 1585 1396 Igitur

118 1409 198 1431 non
228 1402 389 1436 secreto,
422 1393 485 1427 sed
511 1393 639 1437 palam
668 1392 849 1426 Ciceroni
876 1393 1082 1426 maledixit
1108 1394 1281 1435 Quintus,
1300 1414 1346 1419 —
1371 1408 1441 1429 non
1467 1397 1585 1438 modo,

118 1445 213 1488 „ich
238 1443 327 1478 will
353 1442 466 1476 nicht
492 1443 652 1487 sagen‚“
696 1440 730 1475 S.
758 1440 909 1474 Ramsh.
939 1443 968 1481 ἓ.
997 1443 1078 1479 181,
1104 1442 1147 1482 B,
1178 1445 1209 1482 1,
1236 1443 1325 1477 Not.
1373 1443 1523 1478 Grotef.
1552 1449 1582 1486 §.

119 1497 201 1530 340,
227 1511 274 1516 -
309 1495 397 1536 ipse,
424 1501 541 1522 manu
567 1488 741 1533 propria.
767 1507 814 1513 —
856 1490 927 1522 Sed
948 1490 1129 1524 hactenus.
1157 1490 1258 1524 Crat.
1286 1492 1366 1524 sola
1399 1491 1469 1525 Sed
1498 1492 1584 1526 haec

119 1544 301 1576 hactenus.
352 1539 448 1577 Hic,
491 1543 535 1570 ut
560 1537 786 1581 aliquoties,
832 1537 975 1570 merito
1004 1538 1256 1584 ambigimus,
1283 1544 1415 1572 utrum
1444 1540 1582 1574 Cicero

119 1588 322 1634 scripserit
347 1587 408 1621 sed
430 1586 612 1625 hactenus,
646 1596 692 1616 an
719 1584 805 1617 haec
830 1584 873 1617 ab
898 1585 1043 1629 syllaba
1070 1586 1138 1619 hac
1163 1586 1385 1630 absorptum
1412 1587 1474 1620 sit.
1507 1589 1580 1621 OR.

117 1638 210 1685 Vgl.
241 1636 390 1669 Grotef.
418 1636 448 1674 §.
476 1635 555 1668 434.
579 1651 620 1657 -
648 1631 844 1679 Εῧκαίρως,
871 1640 1100 1676 opportune.
1130 1652 1175 1659 —·-
1201 1634 1243 1667 A.
1271 1634 1490 1680 Torquatus,
1516 1637 1581 1669 ein

119 1694 345 1734 gewesener
371 1682 646 1726 Pompeianer,
689 1680 823 1714 dessen
849 1680 999 1713 Bruder
1024 1681 1067 1715 L.
1096 1682 1311 1725 Torquatus
1346 1682 1467 1715 sehon
1498 1684 1583 1718 todt

118 1744 211 1769 war.
262 1732 298 1766 S.
328 1742 386 1775 ep.
415 1731 485 1764 517
512 1729 567 1762 im
593 1729 682 1762 Anf.
709 1730 789 1764 559.
817 1745 858 1752 —-
887 1728 1212 1775 hanzcazissi1m·que
1236 1741 1284 1762 =
1310 1741 1449 1774 nempe
1473 1730 1579 1765 hum.

120 1784 156 1817 ei
184 1808 192 1815 .
219 1805 229 1813 .
259 1805 266 1812 .
295 1781 471 1823 exposuit,
499 1777 603 1810 denn
628 1776 755 1809 dieser
781 1775 969 1809 erb'ffnete
997 1777 1079 1810 ihm
1101 1780 1169 1810 auf
1185 1778 1246 1810 die
1271 1778 1581 1812 verbindlichste

117 1832 202 1871 Art,
231 1828 272 1860 in
295 1825 476 1860 welchen
490 1823 744 1858 Ausdriicken
773 1823 839 1858 ich
865 1825 930 1856 fiir
956 1823 1027 1857 ihu
1050 1825 1291 1873 gesprochen
1307 1825 1426 1859 h'a'tte.
1455 1826 1582 1860 Ueber

117 1890 183 1923 qne
199 1888 244 1907 z
266 1873 453 1907 namlich.
482 1885 506 1907 s.
524 1871 676 1905 Ramsh.
697 1875 726 1913 5.
746 1875 828 1912 179,
856 1873 896 1913 B,
924 1883 956 1910 a,
982 1875 1015 1906 3.
1032 1891 1076 1898 -
1099 1874 1294 1915 Commod„
1322 1873 1579 1921 gliicklicher

119 1926 268 1962 Weise.
293 1941 341 1947 —
366 1923 580 1967 diligenter,
607 1918 692 1953 sehr
720 1918 1045 1953 nachdriicklich.

3 1777 9 1855 ἰ

211 1998 245 2030 2.
295 1995 335 2028 de
367 1996 482 2028 Bruto
518 1998 561 2025 st.
598 1991 643 2024 de
679 1991 792 2025 Bruti
834 1992 943 2024 novis
984 1992 1132 2036 nuptiis
1178 1991 1383 2026 audiveris.
1440 1994 1580 2027 Dieser

117 2045 226 2078 hatte
252 2043 333 2077 sich
358 2054 433 2075 von
449 2039 620 2079 Claudia,
648 2040 718 2072 der
738 2038 909 2073 Tochter
934 2039 996 2072 des
1013 2040 1160 2084 Appius
1183 2040 1364 2082 Pulcher,
1391 2041 1578 2075 scheiden

117 2093 265 2133 lassen,
292 2103 359 2124 um
387 2089 541 2129 Porcia,
573 2088 635 2120 die
661 2088 832 2120 Tochter
858 2087 981 2120 seines
1007 2087 1276 2121 Grossoheims
1301 2089 1392 2123 Cato
1420 2102 1468 2122 zu
1493 2089 1578 2123 hei-

119 2141 272 2175 rathen,
324 2139 360 2172 S.
388 2149 447 2182 ep.
474 2139 554 2172 194.
581 2136 708 2167 Valer.
745 2135 843 2169 Max.
871 2135 943 2169 ΙΙΙ.
980 2135 1164 2168 Plutarch
1205 2136 1258 2168 im
1286 2138 1392 2170 Brut.
1420 2149 1455 2170 u.
1485 2137 1577 2170 Cato

120 2188 222 2223 Utic.
250 2188 337 2225 irrt,
363 2197 479 2219 wenn
505 2195 548 2217 er
572 2183 718 2230 glaubt,
745 2185 882 2216 Brutus
907 2182 1003 2215 habe
1029 2182 1149 2216 schon
1175 2183 1456 2218 beiLebzeiten
1474 2184 1577 2218 ihres

120 2237 261 2269 Vaters
288 2233 372 2267 sich
402 2233 473 2266 mit
498 2232 633 2265 Porcia
658 2230 868 2264 verm'a‘hlt.
887 2248 929 2254 -
957 2229 1084 2264 Nicias
1110 2243 1192 2264 war
1216 2231 1275 2265 bei
1291 2233 1440 2266 Cicero.
1465 2232 1501 2266 S.
1517 2244 1577 2276 ep.

120 2286 202 2318 51⁷1.
229 2286 300 2318 582
326 2282 359 2316 d.
388 2280 503 2329 Agbe,
530 2298 576 2303 ——
615 2278 709 2322 conf.
736 2284 834 2323 put„
874 2278 1004 2311 Nicias
1031 2279 1186 2326 glaubte
1211 2279 1357 2321 indess,
1392 2281 1497 2313 Alles
1523 2280 1577 2312 sei

123 2332 241 2364 sehon
268 2329 429 2376 richtig.
457 2348 502 2353 --
530 2329 653 2361 laboro
681 2328 786 2365 idem,
814 2327 909 2372 quod
932 2331 984 2367 tu,
1010 2333 1054 2359 ut
1080 2328 1254 2360 Porciam
1282 2328 1396 2360 ducat
1422 2327 1577 2361 Catonis

122 2379 255 2413 filiam.
301 2389 393 2419 „um
423 2387 461 2409 so
488 2376 600 2409 mehr
626 2374 812 2409 wunsche
839 2373 923 2413 ich,
961 2374 1038 2407 wie
1066 2374 1145 2415 Du,
1181 2375 1259 2408 dass
1286 2375 1386 2408 diese
1415 2374 1577 2407 Heirath

123 2440 170 2460 zu
196 2426 335 2460 Stande
370 2425 538 2458 koinme.
565 2442 612 2447 —
655 2422 863 2467 offensionis
888 2422 929 2454 in
957 2422 1125 2455 divortio
1152 2428 1224 2456 cet.
1263 2423 1421 2466 „Denn,
1461 2434 1577 2455 wenn

123 2476 254 2508 Etwas
283 2473 509 2519 anstiissiges
543 2472 584 2504 in
620 2471 689 2504 der
715 2469 939 2516 Scheidung
968 2469 1036 2509 ist,
1076 2480 1114 2503 so
1148 2471 1250 2504 wird
1286 2481 1322 2502 es
1356 2469 1480 2502 durch
1514 2469 1577 2503 die

124 2522 267 2557 zweite
294 2521 378 2554 Ehe
405 2519 552 2553 wieder
579 2525 648 2566 gut
674 2517 863 2564 gemacht.
892 2517 978 2549 haec
1002 2531 1069 2558 res,
1096 2520 1254 2562 nuptiae
1281 2517 1434 2550 Catonis
1461 2517 1576 2550 filiae.

125 2570 224 2611 Quos
262 2568 367 2602 enim
408 2566 573 2600 offendit
612 2565 793 2600 Claudiae
838 2564 1028 2607 divortio,
1078 2576 1139 2598 eos
1189 2565 1260 2597 sibi
1306 2564 1579 2598 reconciliabit

123 2618 279 2661 Porciae
316 2614 514 2662 coniugio.
553 2614 632 2647 cfr.
662 2625 719 2657 ep.
747 2623 821 2656 seq.
849 2615 878 2653 §.
906 2615 938 2646 3.
982 2614 1079 2646 Erat
1113 2614 1216 2646 enim
1245 2613 1400 2646 Catonis
1434 2623 1577 2645 nomen

124 2666 295 2698 maxime
329 2664 536 2707 populare,
584 2662 686 2705 quod
720 2671 832 2694 nemo
867 2672 1051 2703 umquam
1079 2672 1099 2693 a
1124 2662 1305 2693 libertate
1340 2663 1578 2693 constantius

124 2713 300 2747 stetisset.
326 2709 444 2745 MAN.
458 2729 504 2736 —
528 2711 715 2750 constitui,
738 2708 903 2757 gehorig
921 2708 1188 2756 eingerichtet
1208 2707 1378 2743 werden.
1395 2710 1578 2749 603‚1.-—·
