1795 3081
226 71 327 118 330
485 67 553 115 M.
590 68 642 114 Τ.
681 68 1027 118 CICERONIS
1066 68 1443 118 EPISTOLAE.

227 205 356 232 mane
386 189 696 231 rescribebam.
760 189 850 245 Ego
879 203 986 231 vero
1016 191 1100 230 ista
1129 192 1306 231 nomina
1334 194 1397 232 sic
1427 195 1591 247 probo,
1646 202 1697 235 ut

227 248 342 286 nihil
380 244 503 286 aliud
542 257 610 284 me
647 251 842 295 moveat,
899 247 985 284 nisi
1025 244 1140 299 quod
1182 252 1231 286 tu
1272 246 1438 287 videris
1482 249 1693 290 dubitare.

228 302 346 343 Illud
375 302 489 342 enim
519 312 607 339 non
637 301 808 353 accipio
850 302 896 339 in
936 302 1091 341 bonam
1130 308 1321 355 partem,
1380 303 1497 357 quod
1538 304 1593 343 ad
1626 319 1695 345 me

229 360 392 397 refers:
425 357 523 410 qui,
555 357 594 394 si
623 356 717 408 ipse
745 358 972 410 negotium
1004 370 1150 395 meum
1180 370 1404 410 gererem,
1436 359 1542 398 nihil
1571 373 1696 414 gere-

229 427 322 453 rem
352 414 438 451 nisi
468 412 652 451 consilio
691 416 783 450 tuo.
843 410 929 451 Sed
967 417 1112 451 tamen
1151 413 1351 468 intelligo
1391 416 1531 468 magis
1568 420 1612 454 te
1649 415 1696 454 id

227 469 373 508 facere
403 467 662 522 diligentia,
697 479 782 519 qua
812 479 983 520 semper
1011 469 1173 517 uteris,
1216 481 1347 520 quaxn
1377 469 1493 522 quod
1525 469 1695 510 dubites

227 524 283 565 de
312 523 562 563 nominibus
604 522 713 560 istis.
772 521 943 562 Etenim
976 521 1172 561 Caelium
1214 536 1300 561 non
1341 525 1521 577 probas:
1566 525 1697 577 plura

226 593 316 619 non
347 580 430 619 vis.
467 577 711 630 Utrumque
740 577 885 617 laudo.
920 577 1005 616 His
1036 579 1173 632 igitur
1201 578 1413 618 utendum
1443 586 1518 619 est.
1563 580 1696 620 Praes

226 633 461 687 aliquando
492 636 631 672 factus
663 644 799 681 esses,
846 640 889 673 et
925 634 972 672 in
1012 631 1078 672 his
1116 631 1292 686 quidem
1329 635 1501 674 tabulis.
1558 635 1598 676 A
1626 648 1696 675 me

226 692 368 746 igitur
393 690 555 728 omnia.
615 685 743 740 Quod
776 686 866 727 dies
905 689 1078 742 longior
1115 695 1180 727 est
1206 708 1261 716 -
1304 695 1526 729 teneamus
1565 690 1695 730 modo

225 745 346 799 quod
374 745 576 784 volumus
601 764 656 771 --
685 748 790 796 puto
819 744 914 783 fore
943 745 1071 782 istam
1103 745 1235 783 eliam
1266 757 1289 782 a
1319 758 1536 797 praecone
1565 744 1696 795 diem,

226 807 347 841 certe
384 800 436 838 ab
478 797 726 838 heredibus.
798 796 865 838 De
907 798 1061 852 Crispo
1103 804 1146 838 et
1184 798 1379 839 BIustela
1416 799 1606 841 videbis:
1655 809 1697 841 et

325 952 428 987 1—2.
474 951 739 997 Exspectabam
767 960 813 981 τ’·-
841 957 1020 994 exspecto
1040 949 1094 983 im
1106 948 1293 983 Briefstil.
1310 970 1357 975 --
1381 952 1539 985 nondum
1563 957 1693 985 tamen

227 998 303 1032 hae
329 1000 407 1043 ipsa
434 998 540 1035 hora.
558 1002 773 1039 ——scilz‘cet‚
801 998 984 1033 offenbar.
1000 1016 1047 1022 —
1072 997 1169 1031 Nam
1194 998 1260 1032 has
1285 999 1330 1031 ad
1356 1005 1394 1033 te
1421 999 1554 1033 literas
1582 1011 1693 1033 mane

228 1048 470 1081 rescribebant
524 1052 598 1087 (z
624 1047 832 1089 rescribo),
882 1053 926 1080 ut
964 1046 1165 1080 tabellarii
1211 1046 1268 1080 tui
1312 1059 1425 1080 mane
1467 1047 1584 1081 Roma
1626 1059 1692 1080 ex-

228 1103 363 1129 ennles
419 1096 592 1129 nondum
647 1096 693 1129 ad
750 1107 811 1129 me
861 1094 1067 1140 potuerint
1115 1095 1338 1138 pervenire.
1392 1096 1492 1131 SCH.
1544 1107 1707 1131 manere⁴

225 1144 426 1177 „scribebam
453 1144 528 1179 Md.
566 1145 845 1185 „Rescriheham
881 1143 981 1175 ‹lixit
1015 1153 1086 1187 pro
1112 1143 1329 1183 scribebam,
1368 1144 1458 1187 quia
1495 1143 1693 1188 respondit

227 1192 357 1225 literis
384 1192 506 1225 Attici
531 1193 839 1237 superioribu5.“
875 1190 988 1224 ERN.
1016 1208 1062 1215 ——
1099 1191 1172 1224 ista
1199 1195 1349 1225 nomime
1375 1204 1422 1224 Ξ
1450 1192 1538 1224 istos
1566 1191 1692 1224 credi·

227 1247 331 1273 tores
357 1240 421 1272 vel
447 1241 619 1283 praedes.
671 1241 808 1275 Cicero
837 1240 972 1274 wollte
1000 1250 1090 1271 zum
1117 1239 1276 1272 Ankauf
1300 1240 1362 1273 des
1389 1238 1688 1283 Scapulaischen

228 1289 395 1323 Gartens
422 1288 521 1322 Geld
546 1289 682 1322 leihen
711 1289 804 1321 oder
830 1287 930 1322 doch
953 1288 1112 1334 Biirgen
1138 1288 1203 1319 sur
1228 1287 1312 1320 sich
1338 1289 1490 1322 stellen.
1510 1305 1553 1311 ——
1581 1292 1665 1319 ut..
1683 1312 1691 1319 .

226 1342 389 1374 moreat,
417 1346 456 1369 so
484 1336 564 1370 dass
591 1336 657 1369 ich
687 1336 795 1369 mich
821 1348 869 1369 an
895 1334 1036 1368 Nichls
1062 1342 1196 1373 stosse‚
1236 1335 1290 1367 als
1318 1335 1399 1369 (lass
1429 1336 1488 1369 Du
1517 1334 1624 1367 dabei
1652 1346 1691 1368 so

227 1383 467 1418 bedonklich
494 1397 542 1417 zu
571 1385 653 1418 sein
680 1384 860 1418 scheinst.
886 1384 1066 1422 dubitare,
1095 1394 1142 1414 an
1163 1381 1224 1414 his
1247 1383 1505 1416 creditoribus
1525 1388 1692 1422 utamur,

226 1433 294 1465 vel
320 1433 351 1465 si
378 1443 515 1476 parum
545 1439 708 1475 constet,
736 1445 782 1465 an
806 1433 1013 1477 pecuniam
1043 1437 1216 1463 mutuam
1240 1431 1339 1464 iusto
1363 1438 1541 1476 tempore
1565 1431 1693 1463 daturi

227 1481 307 1513 sint
334 1481 398 1514 vel
424 1481 454 1512 si
482 1481 636 1524 iniquas
662 1492 795 1513 usuras
820 1480 1029 1525 postulent.
1081 1478 1121 1512 Si
1148 1479 1194 1511 ad
1219 1480 1397 1522 praedes,
1433 1490 1525 1523 quos
1554 1478 1692 1512 Cicero

229 1530 388 1562 daturus
415 1535 515 1569 erat,
542 1531 696 1562 referre
724 1528 932 1569 malueris,
960 1526 1111 1560 Atticus
1139 1527 1306 1560 dubitare
1334 1528 1499 1569 dicitur,
1527 1538 1574 1559 an
1600 1537 1694 1559 ven-

226 1576 375 1610 ditores
402 1587 463 1609 eos
490 1577 568 1610 sint
594 1577 793 1622 accepturi
820 1587 890 1622 pro
918 1575 1079 1608 idoneis.
1108 1593 1152 1599 -—
1193 1588 1265 1608 non
1292 1579 1431 1620 ccccz'pr'o
1457 1579 1497 1608 in
1524 1575 1554 1607 b.
1581 1579 1693 1617 part„

227 1624 295 1657 ich
321 1624 427 1657 halte
456 1636 492 1658 es
517 1626 583 1658 fiir·
609 1625 839 1672 keinjgutes
851 1623 1033 1661 Zeichen‚
1061 1622 1142 1655 dass
1153 1622 1212 1656 Du
1228 1624 1335 1657 Alles
1355 1624 1433 1656 mir
1451 1623 1690 1656 iiberl'a’ssest.

224 1690 274 1698 -
298 1676 363 1719 qui
387 1683 432 1704 =
459 1683 580 1715 quum
608 1684 699 1720 ego,
746 1673 791 1705 da
828 1671 895 1704 ich
928 1670 1027 1703 doch
1053 1682 1089 1703 u.
1118 1683 1141 1705 s.
1169 1683 1216 1706 w,
1251 1690 1294 1695 —
1334 1674 1440 1717 dilig.
1477 1684 1548 1716 quer.
1583 1682 1693 1714 semp.

226 1726 361 1763 uter-is,
406 1721 554 1754 Deiner
591 1720 900 1768 gewohnlichen
931 1718 1225 1752 Behutsamkeit
1258 1731 1409 1766 weg-en.
1444 1737 1485 1743 —
1530 1720 1693 1752 Caelium

228 1769 467 1802 creditorem
495 1782 567 1802 non
587 1770 724 1813 probas
751 1768 773 1803 i.
801 1780 830 1802 e.
859 1778 936 1800 non
962 1766 1095 1800 suades
1122 1766 1237 1806 mihi,
1275 1775 1317 1800 ut
1344 1768 1387 1799 ab
1415 1777 1457 1801 eo
1483 1766 1691 1811 pecuniam

227 1824 405 1850 mutuam
433 1828 592 1850 sumam.
623 1818 723 1850 SCH.
753 1817 894 1850 Caelius
920 1813 1178 1862 argentarius.
1232 1815 1321 1849 Vid.
1342 1815 1387 1848 ad
1403 1816 1518 1849 Attio.
1546 1814 1633 1854 Vll,
1660 1817 1693 1853 3,

229 1869 272 1900 11
302 1864 360 1905 (h.
389 1864 446 1898 ed.
472 1865 584 1906 294.)
610 1868 693 1906 1149,
720 1867 752 1900 2.
781 1882 827 1889 —-
862 1865 975 1910 plura
1001 1875 1073 1896 non
1100 1865 1154 1895 vis
1182 1863 1203 1896 i.
1232 1874 1263 1896 e.
1290 1874 1367 1896 non
1394 1863 1471 1903 vis,
1512 1869 1553 1895 ut
1579 1862 1694 1906 plura

228 1914 391 1946 nomina
419 1913 704 1946 contrahamus.
733 1913 830 1947 SCH.
859 1932 902 1937 -
929 1911 998 1944 His
1024 1910 1048 1943 i.
1077 1921 1106 1945 e.
1134 1910 1356 1944 nominibus
1383 1923 1406 1945 s.
1431 1910 1691 1944 creditoribus

228 1972 346 2004 supra
372 1961 610 1997 memoratis,
638 1980 682 1986 —
710 1961 818 1994 Praes
843 1985 851 1993 .
877 1988 886 1995 .
913 1961 1063 2001 tabulis,
1097 1958 1218 1998 „oder
1242 1970 1358 1992 wenn
1385 1959 1463 1993 wir
1489 1959 1574 1992 iene
1602 1957 1695 1991 Cre-

230 2009 387 2042 «liloren
410 2009 598 2056 (B'u'rgen)
618 2009 762 2042 Deiner
777 2008 972 2055 Meinung
996 2006 1096 2040 nach
1123 2006 1236 2040 nicht
1262 2006 1508 2053 gebrauchen
1536 2006 1694 2047 sollten‚

228 2068 270 2090 so
297 2059 435 2089 w‘a'rest
458 2056 516 2089 Du
543 2057 641 2090 doch
669 2058 748 2091 wol
776 2055 951 2090 eintnahl
978 2056 1039 2089 ein
1060 2054 1185 2101 Biirge
1213 2055 1423 2101 gexvorden
1448 2054 1528 2087 und
1556 2055 1699 2088 h'attest

229 2107 297 2138 fiir
329 2103 438 2137 mich
475 2105 536 2138 bei
573 2105 699 2140 dieser
724 2104 1031 2151 Versteigerung
1063 2103 1125 2136 des
1152 2102 1453 2145 Scapulaischen
1479 2102 1594 2135 Parlzs
1625 2107 1695 2150 gut

230 2154 402 2199 gesagtf‘
452 2152 531 2185 Ein
565 2153 680 2187 leiser
715 2152 939 2186 ironischer
965 2152 1176 2192 Vorwurs,
1217 2151 1285 2183 der
1319 2151 1405 2183 sich
1444 2162 1508 2184 aus
1537 2150 1691 2184 Cornel.

231 2201 349 2241 XXV,
378 2210 410 2232 c.
439 2202 461 2235 6
496 2201 666 2235 erkl‘a'rtt
717 2200 904 2244 „Nullius
941 2200 1000 2233 rei
1038 2210 1164 2243 neque
1197 2210 1308 2243 praes
1351 2210 1477 2242 neque
1515 2210 1695 2241 manceps

230 2251 354 2282 factus
382 2250 474 2281 est.“
499 2267 545 2274 —-
572 2253 696 2283 omnia
720 2250 801 2282 scil.
823 2248 1128 2293 praestabuntur,
1155 2257 1194 2280 so
1220 2247 1342 2281 werd'
1368 2246 1435 2280 ich
1461 2246 1563 2279 denn
1591 2246 1696 2279 Alles

230 2297 348 2330 selbst
374 2308 422 2328 zu
450 2296 589 2330 leisten
618 2298 752 2331 haben.
781 2315 824 2322 -—
859 2297 961 2340 Quod
982 2297 1058 2330 dies
1083 2298 1230 2341 longior
1255 2300 1307 2329 est
1333 2301 1405 2328 cet.
1434 2301 1622 2338 quantum
1649 2294 1694 2325 ad

232 2344 271 2377 id
300 2345 460 2385 attinet,
499 2346 599 2388 quod
637 2346 717 2379 dies
752 2356 930 2379 incorum
968 2344 1173 2377 nominum
1209 2343 1368 2390 longior
1401 2348 1455 2376 est
1493 2342 1594 2383 (dass
1628 2341 1696 2374 der

230 2392 415 2432 Termin‚
453 2403 515 2426 wo
543 2393 671 2427 meine
698 2393 921 2427 Schuldner
947 2392 1027 2425 mir
1063 2391 1252 2425 bezahlen
1289 2394 1460 2432 iniissen,
1500 2395 1613 2424 etwas
1648 2400 1694 2422 zu

230 2441 326 2474 weit
353 2440 716 2487 hinausgeschoben
744 2442 809 2483 ist)
845 2452 958 2485 quam
986 2446 1029 2473 ut
1055 2440 1260 2484 pecuniam
1290 2444 1582 2484 repraesentare
1607 2447 1692 2481 pos-

232 2490 325 2530 sim3
355 2499 465 2532 spero
486 2499 719 2533 praeconem
743 2489 781 2521 in
805 2494 881 2522 tam
904 2489 1060 2536 longam
1088 2488 1205 2528 diem,
1232 2499 1345 2531 quam
1377 2487 1447 2519 illa
1473 2492 1692 2519 nostrorum

233 2537 439 2569 nominum
475 2536 547 2577 sit,
586 2537 822 2571 solutionem
857 2537 1160 2570 destinaturum:
1199 2541 1280 2574 aut,
1321 2536 1350 2568 si
1385 2535 1423 2567 id
1456 2545 1474 2566 a
1502 2542 1694 2578 praecone

233 2584 447 2628 impetrare
475 2595 555 2618 non
581 2595 756 2629 possum,
803 2591 908 2618 corte
943 2585 987 2617 ab
1022 2583 1229 2617 heredibus
1255 2582 1479 2627 Scapulanis
1505 2591 1693 2623 assequar.

234 2633 428 2665 Tcneamus
455 2634 579 2671 modo,
625 2636 722 2679 quod
745 2636 926 2675 volumus,
959 2639 998 2665 et
1023 2631 1157 2665 hortos
1184 2632 1272 2665 illos
1299 2630 1409 2664 nobis
1445 2629 1545 2663 elabi
1573 2640 1620 2660 ne
1647 2628 1693 2659 si-

232 2692 378 2712 namus.
419 2681 600 2715 BOSIUS.
628 2701 674 2707 —
710 2682 750 2716 dc
778 2683 906 2723 Crispo
940 2686 973 2713 et
999 2680 1151 2714 Mustela
1185 2681 1337 2720 videbis,
1379 2679 1439 2711 Du
1473 2677 1586 2711 wirst
1620 2675 1690 2708 den

232 2727 389 2772 Crispus
417 2740 452 2761 u.
482 2728 660 2772 Mustela,
688 2731 733 2764 da
761 2730 814 2764 sie
842 2729 1036 2763 Miterben
1062 2728 1168 2769 sind,
1197 2739 1320 2762 warin
1348 2725 1503 2767 halim,
1530 2725 1611 2758 dass
1637 2723 1692 2756 sie
