1795 3081
256 80 350 128 170
518 80 582 127 Μ.
620 78 670 125 Τ.
709 79 1052 130 CICERONIS
1089 82 1464 130 EPIS'I'OLAE.

254 213 332 240 nos
362 202 584 240 sentimus.
643 198 731 240 Sed
759 208 904 241 tamen
935 215 1015 258 ego
1043 202 1136 241 filio
1176 200 1387 251 dixeram,
1433 203 1596 242 librum
1626 202 1703 241 tibi

253 257 421 312 legeret
451 263 494 294 et
521 256 736 307 auferret,
773 264 850 297 aut
879 271 928 296 ea
959 257 1212 297 conditione
1241 257 1381 307 daret,
1419 259 1456 296 si
1488 259 1706 310 reciperes

210 313 294 353 5te
331 317 662 363 correcturum,
706 312 789 351 hoc
832 318 920 361 est,
964 314 1000 351 si
1039 319 1181 352 totum
1221 313 1358 351 alium
1396 314 1574 352 faceres.
1639 312 1706 351 De

250 367 444 405 Asiatico
475 367 650 418 itinere,
688 381 950 420 quamquam
987 381 1153 408 summa
1190 369 1422 407 necessitas
1462 368 1704 420 premebat,
1778 364 1787 408 ,3

248 429 299 460 ut
328 422 570 474 imperasti,
600 424 698 462 feci.
759 422 824 461 Te
854 436 935 475 pro
966 437 1034 462 me
1064 422 1169 476 quid
1198 423 1382 462 horter?
1432 422 1554 462 vides
1596 430 1703 462 tem-
1780 406 1787 505 ἰ

248 490 327 529 pus
366 478 550 529 venisse,
593 491 679 530 quo
721 491 895 517 necesse
932 479 990 517 sit
1028 478 1080 517 de
1115 479 1241 517 nobis
1282 479 1505 517 constitui.
1575 477 1702 516 Nihil

248 538 328 582 est,
360 533 420 570 mi
452 532 623 582 Cicero,
655 532 771 585 quod
801 534 940 571 filium
971 547 1115 572 meum
1146 540 1380 587 exspectes.
1438 532 1701 572 Adolescens

246 593 338 625 est:
378 589 524 626 omnia
575 589 826 642 excogitare
870 589 942 627 vel
983 588 1129 628 studio
1169 590 1241 628 vel
1283 594 1426 628 aetate
1471 589 1545 627 vel
1582 594 1700 626 metu
1790 615 1795 635 J

245 654 332 680 non
362 649 516 695 potest.
575 642 739 681 Totum
768 645 994 697 negotium
1025 651 1072 683 tu
1102 646 1313 682 sustineas
1344 650 1540 696 oportet:
1582 644 1627 681 in
1657 649 1700 681 te

243 698 353 735 mihi
384 699 525 736 omnis
553 711 649 750 spes
681 705 756 737 est.
817 699 888 737 Tu
916 712 997 751 pro
1028 705 1104 737 tua
1140 698 1389 752 prudentia,
1430 699 1586 751 quibus
1629 712 1698 737 re-

242 753 322 791 bus
351 752 554 808 gaudeat,
600 754 756 804 quibus
795 755 996 804 capiatur
1026 754 1200 803 Caesar,
1244 761 1386 794 tenes:
1427 767 1452 792 a
1481 760 1523 793 te
1553 755 1698 792 omnia

241 808 580 860 proficiscantur
600 814 642 847 et
665 822 745 861 per
765 815 808 847 te
835 808 888 847 ad
910 811 1075 848 exitum
1096 809 1394 862 perducantur
1412 821 1585 848 necesse
1605 815 1669 847 est
1686 823 1695 845 ε

241 863 358 915 apud
397 865 537 916 ipsum
574 864 775 913 multum,
815 864 930 916 apud
971 866 1063 903 eius
1101 878 1250 903 omnes
1283 865 1523 916 plurimum
1560 870 1694 916 potes,

197 911 384 957 6Unum
416 919 498 957 tibi
536 920 573 956 si
609 921 893 971 persuaseris,
932 933 1019 958 non
1054 920 1138 957 1100
1177 933 1267 958 esse
1306 921 1368 958 tui
1405 921 1614 969 muneris,
1658 919 1695 956 si

238 973 345 1025 quid
374 980 555 1028 rogatus
586 975 739 1024 fueris,
770 981 819 1013 ut
848 976 998 1025 facias,
1027 997 1081 1002 —
1112 988 1372 1027 quamquam
1409 973 1455 1012 id
1490 987 1695 1028 magnum

237 1035 282 1067 et
310 1030 505 1081 amplum
535 1035 599 1067 est
627 1051 681 1056 —
710 1028 786 1068 sed
826 1035 968 1069 totum
1005 1037 1129 1069 tuum
1167 1043 1258 1069 esse
1301 1042 1423 1078 onus,
1465 1030 1691 1082 perficies:

212 1085 322 1122 ,nisi
352 1086 469 1122 forte
499 1090 574 1122 aut
603 1085 649 1122 in
679 1086 860 1123 miseria
900 1087 1028 1124 nimis
1059 1086 1191 1124 stulte
1222 1091 1297 1123 aut
1325 1086 1371 1123 in
1399 1085 1596 1124 amicitia
1626 1085 1691 1121 ni-

234 1140 316 1177 mis
346 1137 625 1191 impudenter
654 1141 737 1178 tibi
769 1153 876 1179 onus
907 1143 1098 1193 impono.
1157 1139 1243 1179 Sed
1264 1142 1441 1192 utrique
1467 1141 1534 1178 rei
1563 1152 1691 1178 excu-

220 1195 448 1233 sationem
477 1200 578 1233 tuae
608 1196 727 1233 vitae
759 1196 1027 1235 consuetudo
1058 1195 1158 1234 dat:
1199 1209 1300 1234 nani
1339 1193 1456 1248 quod
1497 1196 1560 1233 ita
1589 1207 1690 1233 con-

230 1251 366 1288 suesti
396 1261 477 1301 pro
510 1251 662 1289 amicis
694 1251 914 1301 laborare,
951 1264 1039 1289 non
1077 1252 1164 1289 iam
1206 1252 1269 1290 sic
1305 1256 1483 1304 sperant
1519 1250 1595 1288 abs
1632 1255 1690 1297 te,

228 1372 492 1408 auszuheli'en.
531 1391 578 1397 ——
611 1375 661 1406 ad
684 1378 1037 1411 omnia..armavia
1067 1375 1132 1407 fiir
1158 1374 1232 1407 alle
1257 1375 1364 1407 Ffille
1389 1375 1460 1407 mit
1486 1374 1686 1408 Hiilssmit-

227 1420 312 1453 teln
338 1423 561 1454 ausr'u‘stete.
601 1439 648 1445 —
685 1434 748 1455 nos
773 1425 957 1463 sentimus,
991 1435 1030 1455 so
1046 1422 1163 1454 =siihlt
1191 1423 1263 1454 Das
1289 1433 1403 1456 unser
1428 1423 1550 1456 Einer
1575 1422 1684 1455 doch.

227 1485 273 1493 —
299 1468 475 1512 auferret,
502 1468 648 1502 wieder
673 1471 742 1501 mit
769 1471 850 1503 sich
876 1468 1056 1503 nehmen.
1083 1489 1129 1494 —
1155 1470 1225 1502 thi
1252 1471 1367 1511 daret,
1394 1470 1467 1503 Dir
1493 1471 1625 1504 lassen.

322 1518 355 1550 5.
404 1529 545 1550 summa
570 1530 624 1549 me
650 1517 776 1550 Lamb.
816 1537 863 1542 —-
899 1523 937 1550 zet
966 1521 1158 1561 imperasti
1183 1529 1240 1562 ep.
1268 1518 1554 1556 CCCCLXXVI,
1579 1520 1612 1553 2.
1640 1537 1681 1542 *-

227 1564 487 1599 Te..h0rter?
527 1564 740 1611 Uebrigens
768 1566 895 1599 worin
923 1566 995 1599 soll
1030 1566 1094 1598 ich
1122 1566 1195 1598 Dir
1221 1566 1322 1598 noch
1348 1566 1541 1612 anIIegen,
1582 1564 1681 1599 Dich

214 1612 375 1645 -meiner
391 1612 743 1646 auzunehinen‘?—
756 1627 823 1659 quo
838 1640 845 1647 .
862 1642 868 1649 .
884 1617 1068 1653 constitui,
1080 1624 1140 1647 wo
1159 1613 1264 1646 mein
1282 1612 1479 1646 Schicksal
1498 1613 1681 1647 entschie-

224 1659 300 1693 den
326 1659 484 1702 werden
512 1673 622 1693 nmSS.
649 1679 695 1684 -—
720 1661 825 1695 Nihil
839 1667 910 1696 est.
928 1662 1064 1707 ..quod
1078 1660 1115 1705 s.
1133 1674 1179 1694 m.
1198 1667 1383 1704 exspectes,
1411 1672 1486 1694 von
1513 1662 1677 1695 meinem

223 1706 353 1741 Sohne
381 1715 541 1741 erwarte
567 1709 604 1740 ia
629 1707 739 1741 nicht
758 1710 853 1743 Viel.
881 1729 927 1734 —
951 1711 1086 1750 studio,
1113 1719 1184 1741 vor
1210 1709 1328 1741 Eiser.
1360 1727 1403 1733 —
1431 1711 1558 1754 quihus
1585 1712 1678 1753 capi>

208 1761 324 1803 vatur,
343 1754 531 1789 wodurch
557 1767 599 1788 er
625 1767 842 1802 gewonnen
869 1757 1012 1799 werde,
1039 1768 1127 1789 man
1155 1755 1234 1789 ihm
1262 1757 1509 1790 beikommen
1537 1758 1675 1789 k'onne.

219 1823 267 1841 ,-
294 1809 401 1841 tenes,
429 1804 488 1836 Du
514 1803 598 1836 hast
626 1815 662 1836 es
678 1816 776 1851 weg,
803 1805 930 1839 weisst
957 1816 1005 1838 es.
1033 1823 1079 1828 —
1104 1806 1205 1849 apud
1228 1807 1303 1838 eius
1330 1817 1459 1845 omncs,
1488 1805 1548 1838 bei
1575 1805 1675 1838 allen

219 1851 350 1885 seinen
377 1851 648 1897 Giinstlingen.

202 1929 211 1933 ,
315 1901 348 1934 6.
399 1905 500 1932 taum
535 1912 605 1933 esse
641 1912 740 1933 onzes.
774 1901 996 1947 Martaeliag.
1030 1899 1116 1933 Sch.
1164 1901 1258 1933 Liin.
1299 1913 1397 1943 opus.
1450 1900 1676 1933 Blandietur

218 1946 313 1981 haec
340 1947 561 1980 coniectura
587 1947 670 1979 aliis
697 1958 869 1992 quoque:
898 1948 1079 1991 quocirca
1095 1948 1306 1982 refellenda
1324 1954 1389 1984 est,
1425 1948 1675 1995 Arg-utissima

218 1995 401 2028 videlicet
428 1995 525 2028 inest
551 1996 754 2036 sententia,
791 2008 863 2040 qua
889 1995 963 2028 hoc
990 1995 1106 2028 dicit:
1144 1996 1354 2037 „Pers-uado
1382 1996 1463 2036 libi,
1501 2006 1577 2028 non
1603 1995 1674 2028 hoc

217 2054 298 2077 esse
324 2043 382 2075 tui
409 2042 528 2086 ipsius
554 2043 725 2076 muneris
751 2049 862 2087 atque
890 2043 1022 2081 officii,
1049 2043 1078 2076 si
1105 2044 1195 2087 quid
1222 2049 1375 2090 rogatus
1402 2043 1532 2082 fueris,
1562 2049 1602 2075 ut
1622 2045 1675 2075 fa-

218 2092 306 2131 cias,
334 2090 356 2125 i.
385 2102 413 2123 e.
444 2102 546 2123 nunc
573 2096 614 2122 ut
639 2102 710 2135 pro
736 2103 795 2124 me
823 2092 1055 2125 intercedas:
1082 2091 1134 2123 sic
1162 2092 1261 2124 enim
1288 2091 1507 2135 periculum
1538 2096 1602 2128 est,
1628 2103 1674 2124 ne

215 2138 335 2171 nimis
376 2137 567 2181 pudenter
605 2151 701 2185 agas,
741 2151 852 2182 quem
887 2139 932 2171 ad
968 2139 1119 2172 modum
1154 2140 1234 2171 scil.
1272 2142 1427 2181 faceres,
1460 2139 1490 2172 si
1525 2139 1673 2173 tibimet

215 2186 290 2231 ipsi
316 2196 386 2230 pro
414 2191 450 2219 te
478 2186 689 2233 rog-andum
719 2193 832 2219 esset:
861 2187 977 2219 immo
1003 2186 1186 2230 persuade
1214 2187 1298 2228 tihi,
1336 2199 1412 2220 esse
1446 2186 1518 2219 hoc
1551 2191 1671 2219 totum

214 2240 323 2267 tuum
351 2236 457 2274 onus,
484 2234 528 2266 ab
555 2234 677 2267 amico
705 2235 774 2267 tibi
801 2235 1046 2278 impositu1n3
1081 2239 1163 2266 tum
1199 2246 1285 2281 ages
1312 2234 1484 2274 liberius,
1521 2234 1669 2278 iinpen-

214 2282 305 2320 sius,
334 2292 404 2314 nec
432 2293 599 2325 unquam
627 2282 788 2320 timebis,
828 2295 874 2316 ne
908 2282 957 2315 sis
984 2282 1046 2315 vel
1074 2282 1186 2315 nimis
1214 2294 1407 2329 arrogans,
1444 2283 1507 2315 vel
1533 2283 1671 2314 victori

213 2330 438 2363 molestus.“
488 2330 687 2362 Praeterea
715 2343 800 2374 opus
828 2335 864 2363 et
886 2340 972 2363 mox
989 2341 1148 2373 sequens
1176 2342 1262 2364 amus
1288 2330 1561 2363 vocabulorum
1584 2342 1672 2363 con-

213 2389 369 2411 cursum
398 2382 433 2409 et
462 2382 654 2420 tamquam
683 2378 807 2411 lusum
839 2378 1036 2411 efficerent
1063 2377 1222 2410 minime
1258 2383 1407 2424 gratum
1436 2374 1670 2421 minimeque

213 2425 376 2472 dignum
401 2424 621 2469 praeclarae
647 2425 761 2459 huius
787 2425 969 2470 epistolae
991 2425 1195 2472 elegantia:
1223 2437 1292 2458 nee
1312 2425 1478 2468 denique
1499 2426 1591 2459 iusta
1615 2432 1669 2459 est

213 2485 256 2507 ea
270 2472 460 2517 oppositio
476 2472 721 2508 intermunus
736 2479 771 2506 et
786 2486 885 2518 opus,
908 2485 1001 2516 quae
1020 2473 1261 2506 intermunus
1281 2479 1317 2506 et
1333 2486 1428 2507 onus.
1450 2475 1524 2507 ΟΕ.
1540 2493 1584 2498 —-
1597 2487 1667 2507 non

210 2522 278 2556 Jzoc
298 2533 367 2554 esse
386 2523 444 2554 taz·
458 2524 627 2558 muneris,
653 2534 688 2554 es
705 2522 802 2554 stille
819 2522 891 2554 Das
908 2520 1026 2554 Deine
1046 2520 1346 2567 Vcrpssichlung
1365 2521 1466 2554 noch
1483 2521 1603 2562 nicht,
1631 2534 1667 2555 es

212 2569 266 2602 sei
283 2568 392 2601 nicht
410 2580 541 2615 geuug·
561 2569 623 2600 fiir
642 2568 764 2601 Deine
785 2568 1089 2615 Verpflichtung.
1105 2587 1147 2592 —
1161 2570 1223 2602 scd
1242 2574 1307 2601 tot.
1330 2573 1354 2601 t.
1379 2582 1448 2602 csse
1467 2583 1564 2610 onus,
1581 2582 1667 2602 son-

213 2617 309 2650 dern
329 2616 390 2649 die
407 2628 528 2663 gauze
550 2616 638 2649 Lenst
658 2616 799 2649 beruhe
819 2618 886 2648 auf
900 2616 971 2649 Dir
992 2616 1123 2657 allein,
1145 2617 1197 2649 sei
1217 2617 1287 2649 Dir
1306 2628 1401 2663 ganz
1425 2617 1664 2664 uberti-agen.

213 2683 255 2688 —-
281 2665 454 2708 perficies,
481 2664 583 2696 danii
610 2664 717 2698 wirst
746 2664 803 2697 Du
830 2664 892 2696 das
918 2664 1046 2698 Wcrk
1081 2676 1127 2696 zu
1153 2664 1291 2697 Stande
1327 2664 1498 2711 lii-ingen.
1524 2683 1570 2688 —
1594 2678 1664 2710 pro

198 2715 341 2752 ‚amicis
366 2713 546 2748 laborare,
574 2713 637 2745 ffir
664 2712 783 2745 Deine
804 2711 980 2745 Freunde
1005 2711 1104 2744 Dich
1132 2723 1170 2745 so
1197 2723 1245 2744 zu
1270 2712 1509 2753 verwendeu,
1538 2713 1590 2745 als
1618 2713 1663 2745 ob
