1795 3081
351 172 427 227 M.
508 169 1372 231 T.oloERole

133 284 208 366 E
311 286 371 366 P
477 284 515 364 I
621 283 682 367 S
784 283 856 363 T
971 286 1045 366 Ο
1154 288 1230 370 L
1337 285 1411 368 A
1512 289 1590 367 E

644 431 696 473 A.
727 432 777 473 U.
810 431 856 473 C.
886 433 1077 474 DCCIX.

647 521 673 562 s
699 523 727 558 c
754 522 785 556 R
810 524 828 557 1
853 524 879 557 P
904 523 936 558 T
961 522 992 556 A
1019 523 1064 558 E.

335 608 391 656 C.
422 605 609 656 JULIO
646 607 955 655 CAESARE
989 606 1366 659 DICTATORE

608 685 815 734 SIMUL
851 685 981 735 COS.
1018 686 1102 736 1V.

256 787 322 833 M.
355 786 648 838 AEMILIO
683 789 920 837 LEPIDO
956 785 1118 841 MAG,
1155 787 1452 848 EQUITUM

299 888 603 934 SUFFECTIS
633 890 699 938 ΙΝ
725 889 871 930 TRES
899 888 1166 933 nmmos
1188 888 1422 931 MENSES

238 980 293 1042 Q.
328 981 520 1030 FABIO
555 981 828 1030 MAXIMO
867 978 923 1029 C.
960 979 1280 1029 TREBONIO
1317 979 1486 1031 COSS.

321 1085 640 1169 EpisToLA
675 1118 884 1167 DXVII.
922 1118 1004 1177 (ad
1038 1118 1153 1167 Div.
1189 1119 1275 1168 VI.
1312 1118 1378 1176 1.)

363 1207 448 1243 scr.
476 1209 618 1243 Romae
644 1207 759 1242 initio
789 1208 830 1241 A.
858 1208 904 1242 U.
933 1207 973 1241 c.
1003 1210 1084 1243 709.
1123 1209 1172 1249 (a.
1201 1206 1241 1241 c,
1268 1207 1347 1248 45.)
1391 1231 1435 1239 „.„

125 1281 268 1313 Aulum
282 1278 535 1322 Torquatum,
563 1280 629 1323 qui
640 1279 822 1323 Pompeio
850 1279 969 1321 victo,
999 1279 1108 1312 cuius
1125 1284 1252 1323 partes
1272 1283 1422 1312 secutus
1444 1280 1585 1319 suerat,

124 1328 290 1361 Athenis
318 1328 525 1369 exsulabat,
551 1328 785 1369 consolatur,
815 1333 859 1360 ut
883 1327 1094 1360 absentiam
1122 1327 1165 1359 ab
1191 1327 1286 1360 urbe
1309 1336 1432 1369 aequo
1455 1325 1586 1359 animo

125 1378 237 1416 ferat,
264 1375 353 1417 quia
378 1376 529 1408 turbata
555 1376 633 1408 sint
659 1376 790 1408 omnia
817 1380 865 1414 et,
893 1375 959 1418 qui
986 1378 1204 1419 praesentes
1231 1374 1321 1415 sint,
1350 1373 1472 1406 multa
1499 1383 1586 1406 cer-

127 1430 233 1463 nant,
260 1434 356 1465 quae
383 1423 512 1455 nolint
537 1423 680 1457 videre.
732 1422 850 1458 Addit
884 1435 992 1466 spem
1026 1422 1169 1455 reditus
1194 1421 1426 1454 nonnullam
1453 1420 1587 1454 horta-

126 1478 288 1513 turque,
326 1476 369 1503 ut
402 1471 549 1504 virtute
585 1482 622 1504 se
658 1476 844 1504 sustentet
876 1477 913 1503 et
949 1469 1048 1503 recti
1085 1469 1342 1503 conscientia:
1384 1468 1500 1502 etiam
1537 1479 1585 1502 ex

125 1518 306 1558 civitate,
334 1518 375 1550 iu
401 1529 476 1562 qua
504 1518 673 1558 exsulet,
701 1524 739 1553 et
764 1517 933 1561 Sulpicii
960 1517 1238 1551 consuetudine
1264 1517 1442 1554 levamen
1466 1522 1583 1561 petat.

474 1624 523 1661 Μ.
550 1626 731 1660 CICERO
759 1624 795 1659 S.
821 1625 865 1660 D.
892 1625 934 1660 A.
961 1624 1236 1666 TORQUATO.

123 1685 251 1752 Etsi
280 1711 553 1763 perturbatio
596 1717 660 1749 est
698 1712 893 1750 omnium
933 1723 1104 1760 rerum,
1148 1715 1198 1749 ut
1235 1723 1337 1750 suae
1372 1722 1588 1763 quemque

127 1767 329 1808 fortunae
351 1767 537 1805 maxime
560 1768 780 1819 poeniteat
803 1779 1017 1819 nemoque
1034 1767 1103 1814 sit,
1135 1766 1240 1818 quin
1263 1766 1425 1814 ubivis,
1457 1779 1588 1818 quam

125 1821 203 1870 ihi,
233 1822 309 1859 ubi
339 1827 415 1870 est,
447 1835 538 1860 esse
568 1823 709 1860 malit:
740 1828 887 1860 tamen
916 1821 1026 1859 mihi
1055 1819 1236 1859 dubium
1261 1835 1347 1859 non
1371 1827 1449 1871 est,
1481 1821 1586 1872 quin

124 1876 205 1914 hoc
236 1882 430 1928 tempore
457 1878 570 1915 bono
600 1878 698 1916 viro
714 1877 874 1916 Romae
905 1889 996 1915 esse
1026 1877 1324 1916 miserrimum
1353 1877 1424 1914 sit.
1456 1876 1587 1924 Nam,

126 1933 224 1980 elsi,
257 1945 512 1983 quocunque
542 1934 586 1971 in
618 1932 710 1969 loco
740 1933 936 1984 quisquis
966 1937 1042 1980 est,
1074 1931 1188 1969 idem
1219 1936 1282 1969 est
1311 1932 1353 1969 ei
1376 1944 1526 1971 sensus
1545 1936 1588 1968 et

127 1985 276 2024 eadem
306 1987 518 2026 acerbitas
549 2001 600 2025 ex
628 1988 813 2028 interitu
850 1999 1001 2026 rerum
1031 1993 1073 2025 et
1102 1986 1379 2039 publicarum
1418 1992 1461 2024 et
1489 1998 1587 2024 sua-

221 2102 264 2133 A.
296 2100 569 2143 TORQUATO.
613 2101 732 2133 Aulus
753 2099 923 2133 Manlius
947 2100 1179 2147 Torquatus,
1208 2100 1317 2134 einer
1342 2100 1412 2133 det·
1437 2099 1587 2147 gelieb-

127 2154 249 2181 lunen
275 2148 453 2182 Freunde
482 2148 545 2181 des
574 2149 710 2182 Cicero
737 2149 781 2188 (s,
808 2148 852 2187 ad
881 2148 993 2181 Attio.
1024 2148 1084 2189 V.,
1114 2151 1169 2182 11.
1197 2148 1243 2182 de
1271 2148 1423 2182 Finibb.
1449 2149 1498 2189 ΙΙ,
1526 2149 1584 2182 22.

128 2208 199 2237 pro
227 2196 352 2231 Plane.
380 2208 411 2229 c.
440 2199 534 2237 11.)‚
574 2200 644 2232 702
676 2198 810 2229 Pr'zitot·
846 2196 926 2228 und
961 2195 1227 2229 Untersuchex·
1261 2197 1331 2229 der
1365 2195 1485 2228 Sache
1521 2195 1585 2228 des

128 2243 239 2279 Milo.
267 2245 366 2278 daun
394 2245 601 2291 Propr'a'tor
628 2246 668 2277 in
690 2244 833 2286 Africa,¹
861 2244 959 2290 ging·
986 2244 1084 2277 noch
1115 2244 1253 2276 friiher·
1279 2244 1333 2276 als
1359 2245 1468 2277 iener
1494 2255 1583 2275 zum

127 2291 330 2334 Pompeius
357 2292 453 2324 nach
483 2292 770 2325 Griechenland
799 2292 860 2333 (ad
888 2292 1000 2326 Amic,
1029 2293 1092 2331 lx,
1120 2294 1181 2333 8),·
1222 2292 1326 2325 lebte
1360 2292 1449 2324 abet·
1484 2289 1582 2322 nach

128 2338 215 2371 dem
244 2339 533 2376 Pharsalischen
559 2340 716 2378 Treffen
743 2352 790 2372 zu
814 2338 941 2371 Athen
970 2340 1022 2371 im
1045 2340 1168 2380 ExsiL
1195 2340 1330 2374 wohin
1356 2340 1491 2373 Cicero
1521 2337 1584 2370 die

127 2386 215 2418 vict·
243 2394 368 2419 ersten
397 2387 526 2420 Briefe
554 2389 617 2421 des
646 2387 822 2420 sechsten
844 2387 969 2421 Buchs
996 2387 1040 2419 ad
1065 2389 1215 2421 Divers.
1242 2400 1289 2425 an
1317 2387 1389 2420 ihu
1417 2385 1584 2424 selu-iob,

129 2433 313 2466 w'a'hrend
340 2434 451 2467 C‘a'sat·
490 2435 571 2467 sich
609 2435 683 2468 init
722 2433 978 2467 de1186hnen
1018 2435 1080 2468 des
1107 2435 1310 2479 Pompeius
1346 2435 1387 2466 in
1415 2433 1583 2476 Spanien

128 2480 422 2529 horumsohlug.
474 2484 583 2516 Denn
620 2484 674 2516 ini
710 2485 742 2516 (l.
774 2483 901 2515 Briefe
936 2482 1058 2515 steht:
1095 2483 1274 2516 Servium
1312 2481 1472 2515 Athonis
1507 2481 1584 2512 dis-

128 2529 281 2561 cessisse
310 2530 467 2563 moleste
494 2531 580 2566 tuli.
623 2531 780 2564 Servius
807 2530 897 2562 aber
923 2531 1022 2577 ging
1050 2538 1126 2565 erst
1151 2542 1274 2577 gegen
1304 2531 1365 2562 das
1384 2528 1493 2561 Eudo
1520 2528 1584 2561 des

126 2576 364 2621 Spauischen
390 2578 550 2625 Kriegos
576 2591 640 2611 aus
667 2578 809 2611 Achaia
838 2577 892 2610 ab.
944 2577 978 2610 S.
1007 2591 1055 2611 zu
1083 2590 1140 2622 cp.
1168 2578 1356 2615 DXXVII,
1384 2578 1415 2611 5.

224 2629 254 2659 1.
307 2637 414 2671 qaam
441 2629 505 2664 ibi,
532 2629 593 2660 uhi
616 2632 679 2660 est.
706 2626 803 2658 Ern.
830 2626 940 2658 Mart.
957 2645 971 2650 -
990 2626 1079 2673 Lag.
1107 2627 1201 2659 Liin.
1227 2637 1246 2659 e
1275 2625 1364 2659 cdd.
1390 2637 1498 2669 quam
1524 2626 1586 2656 ιιῘιί

127 2678 191 2715 est,
218 2678 352 2708 contra
377 2673 451 2708 Md.
482 2675 556 2708 OR.
586 2694 627 2700 —
657 2677 831 2721 quisquis.
858 2673 1093 2722 Meum-Lag.
1123 2674 1222 2709 coni.
1251 2672 1341 2706 seh.
1368 2673 1463 2708 Liin.
1491 2675 1585 2717 quis-
