1795 3081
178 98 276 145 242
482 96 547 143 M.
585 99 637 144 Τ.
676 93 1020 146 CICERONIS
1057 93 1436 144 EPISTOLAE.

362 217 682 268 EPISTOLA
722 215 922 267 DXXX.
987 216 1069 274 (ad
1105 216 1206 264 Att.
1242 217 1350 265 XII.
1388 217 1490 277 14.)

321 307 402 342 scr.
430 307 590 340 Asturae
619 318 751 340 mense
779 308 918 341 Martio
947 306 991 341 A.
1020 307 1067 340 u.
1096 306 1136 340 o,
1166 308 1249 342 709.
1303 307 1351 348 (a.
1381 305 1420 342 c,
1449 305 1524 348 45.)

193 381 247 413 De
275 391 310 412 se
337 378 434 422 apud
465 378 700 422 Appuleium
731 379 959 415 excusando,
990 382 1019 414 1.
1057 378 1103 412 de
1130 378 1332 422 sponsione
1364 387 1429 410 sua
1461 386 1534 421 pro
1562 375 1656 410 Cor-

194 429 341 461 nificio.
369 429 401 461 2.
439 426 484 459 de
518 427 625 458 luctu
662 436 727 459 suo
757 432 793 460 et
819 427 919 460 libro
947 426 990 459 ad
1031 426 1336 460 consolationem
1364 436 1469 458 suam
1497 425 1655 469 scripto.

405 477 437 509 3.
466 475 512 508 de
538 474 650 508 Bruti
679 473 725 505 ad
752 485 788 507 se
814 474 958 516 literis;
988 474 1032 508 de
1063 473 1211 508 Atticae
1238 473 1384 509 morbo.
1411 474 1445 507 4.

701 545 879 580 CICERO
906 545 1084 580 ATTICO
1117 545 1153 580 S.

308 620 373 659 De
389 632 457 659 me
475 617 721 657 excusando
741 617 855 671 apud
872 616 1133 671 Appuleium
1153 616 1357 658 dederam
1374 616 1428 657 ad
1450 623 1491 657 te
1511 617 1657 670 pridie

199 678 362 716 literas.
394 674 517 713 Nihil
538 687 627 712 esse
649 675 810 728 negotii
835 675 1040 714 arbitror.
1073 676 1388 726 Quemcunque
1407 674 1658 726 appellaris,

201 744 326 770 nemo
343 730 532 783 negabit.
563 727 648 767 Sed
661 727 920 781 Septimium
939 728 1041 769 vide
1060 737 1102 768 et
1114 730 1348 767 Laenatem
1366 734 1407 767 et
1419 727 1656 767 Statilium.

201 787 362 826 Tribus
392 785 508 823 enim
540 797 647 837 opus
678 790 753 823 est.
799 782 885 822 Sed
914 784 1025 822 mihi
1049 784 1217 823 Laenas
1248 789 1385 822 totum
1417 789 1656 836 receperat.

161 842 187 882 2
203 841 328 894 Quod
357 840 510 878 scribis
540 852 564 877 a
584 839 707 877 Iunio
732 846 774 877 te
797 839 1086 890 appellatum3
1118 840 1293 877 omnino
1311 838 1573 878 Cornificius
1601 839 1659 877 Ιο-

202 897 352 950 cuples
369 900 453 934 est:
486 893 560 933 sed
577 901 719 933 tamen
734 894 847 932 scire
864 893 1013 941 velim,
1032 893 1204 946 quando
1219 893 1341 932 dicar
1356 892 1657 946 spopondisse,

204 959 246 991 et
267 963 348 1004 pro
370 956 513 1003 patre,
529 962 638 987 anne
654 962 735 1001 pro
752 949 865 986 filio:
897 961 1037 1001 neque
1056 962 1105 987 eo
1124 949 1282 998 minus,
1300 954 1350 986 ut
1368 949 1541 998 scribis,
1559 962 1659 1001 pro-

202 1012 425 1047 curatores
464 1003 690 1044 Cornificii
730 1009 772 1043 et
808 1002 1074 1057 Appuleium
1114 1003 1437 1063 praediatorem
1474 1003 1658 1043 videbis.

301 1145 331 1177 1.
380 1143 513 1188 pridie.
550 1140 809 1181 Significatu!-
835 1141 996 1186 epistola
1021 1142 1256 1185 praecedens
1282 1142 1362 1177 529.
1389 1160 1436 1167 —
1462 1140 1570 1175 Nihil
1592 1153 1661 1175 esse

203 1205 294 1238 neg„
321 1190 382 1223 die
409 1188 530 1224 Sache
557 1190 653 1223 solle
681 1190 797 1223 keine
824 1189 1130 1235 Schwierigkeit
1156 1189 1291 1222 haben.
1318 1209 1366 1214 —
1401 1191 1500 1227 vide,
1527 1189 1659 1234 sprich

204 1247 283 1274 erst
307 1250 390 1279 vor,
417 1237 585 1271 vet-such
613 1249 649 1271 es
676 1244 828 1272 vorerst
852 1238 966 1270 beim.
1011 1237 1048 1271 S.
1077 1238 1202 1285 vorig.
1231 1238 1348 1271 Brief.
1379 1240 1407 1278 ς.
1434 1240 1466 1274 2,

299 1313 331 1346 2.
383 1323 406 1343 α
431 1310 537 1342 lunio
564 1314 596 1341 z‘c
622 1322 722 1353 app„
749 1309 809 1341 Du
835 1309 947 1342 seiest
973 1319 1047 1341 von
1069 1309 1205 1341 Iunius
1233 1308 1473 1355 gerichtlich
1499 1308 1659 1355 belangt

205 1359 385 1399 worden3
423 1356 599 1389 namlich
633 1357 686 1389 als
714 1357 880 1390 Cicero⁷s
915 1356 1285 1404 bevolln.achtigter
1312 1356 1659 1404 Gesch‘aftstr'ager.

205 1408 340 1442 Iunius
366 1405 570 1450 verlangte
597 1404 659 1437 die
687 1403 940 1451 Auszahlung
966 1404 1030 1436 des
1058 1405 1210 1444 Geldes,
1237 1416 1314 1438 was
1341 1415 1383 1437 er
1409 1404 1494 1437 dem
1521 1405 1657 1439 Corni-

208 1455 318 1489 ficius
345 1452 527 1501 geliehen
556 1453 635 1484 und
664 1454 728 1484 fiir
754 1453 925 1486 welches
953 1451 1036 1484 sich
1064 1452 1217 1491 Cicero,
1244 1453 1320 1486 wie
1348 1463 1390 1485 er
1416 1452 1659 1496 behauptete‚

207 1503 396 1548 verbiirgt
427 1500 556 1541 hatte,
596 1511 669 1533 von
703 1500 835 1533 dessen
861 1502 1091 1534 Procurator
1116 1501 1283 1534 Attikus.
1331 1499 1463 1534 Iunius
1489 1501 1587 1544 „Ep
1615 1502 1660 1535 17

207 1553 311 1593 (53³4)
332 1551 482 1582 Flavius
508 1547 673 1581 dicitur:
702 1549 935 1581 alterutrum
963 1559 1105 1581 nomen
1134 1554 1361 1593 corruptum
1389 1547 1545 1582 videtur
1558 1548 1660 1592 Hey-

210 1599 276 1632 nio
313 1599 353 1631 in
390 1598 471 1630 diss.
501 1596 539 1628 de
566 1599 643 1629 iure
664 1598 920 1639 praediatorio
944 1607 980 1640 p.
1009 1599 1094 1630 3o.“
1130 1596 1249 1631 Beier.
1306 1597 1379 1629 OR.
1419 1614 1463 1620 —
1514 1599 1661 1630 omnim)

214 1645 355 1688 Cormf.
378 1646 509 1690 Iocupl.
528 1649 593 1685 est,
622 1655 658 1676 so
687 1644 808 1686 wisse,
837 1655 873 1677 es
899 1644 967 1678 hat
994 1644 1111 1677 keine
1129 1644 1290 1686 Gefahr‚
1317 1643 1410 1677 weil
1426 1644 1659 1678 Cornificius

211 1694 402 1730 wirklich
417 1694 480 1727 ein
493 1691 801 1726 wohlhabender
814 1691 928 1724 Mann
946 1692 1035 1725 istf‘
1061 1693 1104 1725 In
1122 1692 1264 1726 diesem
1276 1692 1385 1725 Falle
1401 1692 1546 1725 konnte
1561 1691 1660 1724 nach

213 1744 343 1777 einem
370 1742 475 1774 alten
503 1740 682 1780 Gesetze,
723 1739 784 1772 das
820 1739 861 1772 in
889 1739 963 1773 den
990 1740 1182 1773 Novellen
1210 1741 1334 1774 Consi.
1361 1739 1568 1772 Iustiniani
1598 1751 1659 1772 er-

212 1790 347 1825 w'zihnt
372 1788 495 1829 wird‚
535 1787 604 1820 der
630 1786 757 1834 Biirge
789 1788 986 1831 (sponsor,
1024 1787 1235 1829 fideiussor)
1274 1787 1385 1820 nicht
1417 1786 1659 1834 gerichtlich

212 1839 371 1884 belangt
389 1836 567 1876 werden3
596 1834 764 1867 sondern
789 1836 857 1868 der
868 1834 1086 1868 Schulduer
1105 1836 1219 1868 selbst
1241 1842 1380 1868 musste
1399 1834 1602 1868 bezahlen.
1617 1854 1658 1861 --

213 1887 299 1927 (an)
315 1898 383 1930 pro
400 1889 521 1930 patre,
549 1895 639 1916 anne
650 1894 720 1928 pro
738 1883 823 1926 filio
851 1884 874 1915 i.
892 1894 923 1916 e.
951 1894 1021 1928 pro
1034 1883 1244 1917 Cornificio
1264 1890 1385 1927 patre,
1411 1894 1510 1916 anne
1522 1882 1659 1916 Corni-

214 1936 304 1968 ficio
330 1934 426 1966 filio.
477 1932 527 1964 Et
552 1935 660 1975 pater
688 1931 845 1973 quidem
871 1930 946 1963 hoc
972 1937 1146 1976 tempore
1181 1932 1255 1964 iam
1293 1930 1516 1964 decesserat.
1568 1931 1661 1965 Cor-

215 1982 371 2015 nificius
392 1986 515 2026 pater,
545 1979 658 2011 iudex
687 1979 927 2019 iustissimus,
953 1980 1103 2023 primus
1132 1979 1171 2011 in
1185 1978 1325 2012 Senatu
1349 1978 1587 2012 mentionem
1614 1978 1661 2011 de

215 2029 370 2064 violatis
395 2040 412 2061 a
428 2026 565 2061 Clodio
585 2027 702 2059 sacris
722 2028 827 2066 fecit,
857 2026 1057 2060 Ciceronis
1077 2026 1313 2071 competitor
1330 2027 1369 2059 in
1385 2026 1539 2060 Senatu.
1571 2026 1658 2060 Vid.

215 2078 260 2111 ad
278 2076 419 2110 Famil.
446 2075 532 2115 XII,
561 2076 613 2108 17.
641 2076 698 2109 22.
725 2075 767 2107 ad
793 2075 904 2108 Attio.
935 2077 968 2116 1,
997 2077 1051 2110 13.
1077 2075 1160 2111 Act,
1186 2075 1215 2108 I.
1243 2074 1356 2108 Verr.
1385 2085 1415 2107 e.
1443 2077 1498 2108 10.
1543 2074 1662 2118 Supe-

215 2124 332 2158 rioris
358 2130 485 2157 autem
514 2122 630 2161 filius,
659 2122 828 2156 Caesaris
856 2129 1046 2166 quaestor,
1074 2122 1273 2155 Ciceronis
1300 2122 1451 2168 collega
1478 2122 1518 2155 in
1544 2133 1663 2168 augu-

215 2180 315 2211 ratu,
341 2172 404 2204 cui
433 2171 502 2203 ille
532 2171 722 2203 Oratorem
748 2183 855 2203 suum
885 2170 1192 2211 commendabat,
1226 2176 1310 2214 post
1335 2169 1482 2203 bellum
1511 2169 1662 2203 Africa-

216 2232 309 2253 num
345 2220 518 2252 Africam
554 2218 800 2262 provinciam
837 2218 1007 2251 obtinuit
1042 2217 1171 2261 ibique
1205 2217 1428 2263 permansit.
1489 2217 1579 2252 Vid.
1616 2216 1663 2250 ad

214 2268 354 2302 Famil.
383 2266 464 2305 XII,
493 2268 548 2302 17.
576 2268 632 2301 25.
661 2269 714 2302 19.
746 2266 850 2305 VIII,
878 2268 914 2301 7.
964 2265 1022 2298 Ad
1056 2277 1143 2298 eum
1176 2266 1341 2309 scriptae
1366 2271 1452 2298 sunt
1477 2265 1661 2309 epistolae

215 2316 260 2349 ad
287 2314 425 2349 Famil.
452 2314 543 2356 XII,
572 2317 738 2350 17—30.
796 2314 834 2348 S.
868 2324 914 2346 zu
948 2325 1006 2358 ep.
1039 2315 1107 2348 5²41
1144 2313 1198 2347 im
1226 2315 1314 2346 Anf.
1351 2311 1479 2348 Ueber
1512 2325 1603 2346 anne
1635 2324 1660 2347 s.

215 2363 368 2396 Ramsh.
396 2363 422 2405 §.
451 2365 532 2403 17¹4,
559 2366 592 2403 3,
620 2363 706 2397 Not.
734 2365 767 2398 2.
817 2362 965 2397 Grotef.
993 2363 1023 2402 §.
1051 2364 1119 2396 343
1145 2374 1180 2395 u¹
1211 2363 1290 2396 345.
1320 2379 1362 2386 -
1399 2373 1509 2407 neque
1533 2373 1572 2395 eo
1597 2363 1663 2395 νηί-

213 2424 279 2445 nns
307 2437 314 2443 .
342 2437 349 2443 .
378 2436 385 2443 .
413 2411 554 2449 videbis,
583 2410 713 2454 sprich
741 2409 876 2442 iedoch
904 2411 971 2442 auf
995 2409 1105 2443 ieden
1129 2410 1215 2443 Fall
1243 2410 1315 2443 mit
1341 2435 1348 2443 .
1377 2434 1385 2442 .
1415 2435 1423 2442 .
1450 2435 1458 2443 .
1486 2409 1661 2443 dariiber.

219 2460 258 2502 Q.
289 2459 476 2503 Cornificii
501 2458 589 2498 filii,
617 2458 682 2501 qui
711 2457 854 2497 aberat,
880 2457 1014 2502 Syriae
1040 2457 1281 2502 praepositus
1308 2468 1326 2489 a
1353 2457 1530 2498 Caesare;
1559 2455 1662 2500 quod

218 2507 424 2540 consilium
454 2514 581 2540 tamen
609 2505 750 2538 exitum
781 2516 856 2538 non
884 2504 1038 2538 habuit:
1077 2505 1291 2549 permansit
1327 2505 1431 2537 enim
1459 2505 1500 2537 in
1527 2504 1662 2538 Africa

213 2556 431 2598 provincia.
450 2554 788 2598 ——prszedz'cctorem‚
814 2552 1215 2601 Landgiiterh'andler‚
1241 2564 1306 2585 um
1334 2552 1403 2585 ihn
1430 2563 1519 2586 vom
1535 2552 1662 2596 Appu-

214 2602 312 2635 leius
351 2614 473 2649 augur
511 2614 558 2634 zu
593 2601 904 2634 unterscheiden.
957 2600 1218 2634 Praediatores
1256 2605 1366 2640 sunt,
1411 2602 1477 2644 qui
1503 2599 1662 2643 praedia

212 2650 368 2693 publico
404 2650 568 2697 obligata
605 2655 640 2682 et
674 2649 874 2681 vendenda
911 2655 1089 2681 emerunt
1123 2649 1163 2680 in
1200 2648 1324 2691 iisque
1360 2647 1540 2692 pecunias
1578 2657 1661 2678 suas

212 2697 463 2730 collocarunt.
516 2697 563 2729 Hi
590 2696 853 2741 praediatores
881 2702 989 2729 erant
1014 2695 1110 2729 iuris
1129 2696 1385 2740 praediatorii
1412 2694 1531 2739 periti
1559 2705 1660 2728 eam-

210 2756 281 2788 que
302 2746 505 2779 seientiam
528 2757 595 2778 usu
613 2744 751 2778 harum
771 2755 903 2778 rerum
920 2743 992 2776 sibi
1009 2751 1250 2787 paraverant,
1274 2743 1424 2777 etiamsi
1444 2754 1521 2776 non
1541 2747 1663 2775 essent
