1795 3081
388 75 710 125 EPISTOLA
747 73 1149 125 CCCCXLVIII.
1442 76 1502 123 91

123 197 447 247 EPISTULA
483 195 886 245 CCCCXLVIII.
961 195 1045 253 (ad
1080 195 1194 244 Div,
1233 194 1316 242 lX.
1354 196 1423 254 5.)

207 274 287 309 Sor.
318 275 458 308 Romae
484 283 615 305 mense
642 272 757 307 iunio
783 272 825 305 A.
854 272 899 306 U.
929 272 970 306 o.
998 275 1079 308 708.
1116 274 1165 314 (a.
1192 272 1231 306 o.
1260 273 1338 314 46.)

41 346 176 380 Probat
203 351 240 380 et
266 346 383 387 diem,
423 355 499 388 quo
534 344 767 376 conventuri
791 344 882 385 sint,
923 349 961 377 et
987 356 1095 376 suum
1121 344 1387 387 Varronisque
1414 353 1507 376 con-

67 394 215 437 silium,
243 394 345 438 quod
371 392 491 426 semel
517 403 536 425 a
562 391 722 425 Caesare
748 391 843 425 victi
868 391 912 424 ab
940 391 1057 424 armis
1084 391 1342 429 discesserint,
1380 393 1482 425 1—3.

550 474 730 508 CICERO
755 473 988 508 VARRONI.

152 548 272 589 Mihi
300 559 408 588 vero
440 545 494 586 ad
510 545 661 597 Nonas
690 547 800 586 bene
829 552 1053 585 maturum
1081 544 1262 586 videtur
1291 548 1403 598 fore,
1433 559 1508 585 ne-

43 617 127 658 que
156 605 300 643 solum
330 608 515 656 propter
544 603 612 640 rei
643 602 862 654 publicae,
902 601 978 641 sed
1017 603 1148 640 etiam
1185 609 1371 654 propter
1405 601 1510 641 anni

44 667 226 712 tempus,
286 657 432 708 Quare
473 659 605 695 istum
646 656 762 696 diem
792 657 959 709 probo:
1001 659 1150 709 itaque
1190 656 1377 696 eundem
1416 658 1509 711 ipse

43 728 213 767 sequar.
273 712 459 752 Consilii
490 714 647 761 nostri,
686 726 741 751 ne
779 714 816 750 si
847 726 920 751 eos
950 712 1141 764 quidem,
1182 713 1257 764 qui
1295 711 1342 751 id
1371 712 1550 752 secuti2

43 783 129 808 non
171 775 286 819 sunt,
337 780 426 806 non
467 768 730 819 poeniteret,
774 768 901 806 nobis
938 765 1254 820 poenitendum
1291 773 1508 819 putarem.

43 824 195 864 Secuti
225 824 341 862 enim
378 836 525 861 sumus
564 834 652 860 non
696 836 830 875 spem,
871 822 947 862 sed
990 823 1207 862 officium:
1247 823 1510 874 reliquimus

43 886 189 919 autem
218 892 307 917 non
337 878 547 927 officium,
586 876 660 916 sed
692 877 1056 930 desperationem.
1115 877 1180 916 Ila
1217 876 1510 916 verecundio-

45 948 116 973 res
147 935 324 984 fuimus,
356 946 485 985 quam
517 934 591 985 qui
622 947 666 972 se
698 933 828 972 domo
859 946 947 971 non
978 939 1332 972 commoverunt:
1365 933 1510 970 sanio-

44 1003 129 1040 res,
161 1002 290 1041 quarn
320 990 410 1041 qui,
442 989 613 1028 amissis
655 989 826 1041 opibus,
869 988 1045 1027 domum
1084 1001 1171 1026 non
1210 992 1508 1027 reverterunt.

46 1044 134 1084 Sed
162 1044 275 1082 nihil
313 1045 457 1081 minus
497 1045 609 1094 fero,
654 1057 783 1095 quam
822 1046 1105 1083 severitatem
1137 1045 1406 1082 otiosorum:
1451 1047 1510 1089 et,

47 1112 224 1152 quoquo
261 1098 391 1138 modo
423 1112 468 1138 se
512 1111 581 1137 res
622 1098 767 1149 habet,
808 1101 947 1154 magis
987 1100 1089 1138 illos
1129 1112 1305 1148 vereor,
1359 1097 1513 1149 quiin

44 1156 162 1194 bello
194 1153 468 1204 occiderunt,
501 1167 629 1205 quam
651 1154 729 1192 hos
753 1168 876 1204 curo,
909 1155 1068 1207 quibus
1098 1167 1186 1192 non
1205 1153 1513 1202 satisfacimus,

46 1212 149 1263 quia
188 1211 394 1249 vivimus.
467 1209 584 1247 Mihi
627 1210 665 1248 si
707 1211 898 1262 spatium
942 1211 1080 1248 fuerit
1122 1210 1169 1247 in
1213 1208 1554 1249 Tusculanum3

145 1351 178 1383 1.
228 1349 320 1382 mihi
351 1359 445 1380 vcro.
496 1347 699 1392 Superiori
741 1348 924 1393 epistolae
962 1349 1092 1384 Varro
1136 1345 1399 1392 responderat,
1443 1345 1514 1378 sibi

49 1396 293 1430 commodum
319 1395 444 1428 videri
470 1396 593 1428 Nonis
620 1395 676 1428 ire
704 1396 746 1427 in
774 1396 1000 1436 Cumanum,
1040 1397 1072 1430 si
1111 1395 1214 1429 idem
1242 1393 1423 1427 Ciceroni
1454 1393 1512 1426 vi-

49 1445 217 1478 deretur.
260 1444 360 1477 SCH.
403 1461 445 1467 —-—
489 1444 539 1476 ad
561 1442 684 1476 Nonas
711 1443 900 1484 Quintiles
936 1445 1016 1483 (auf
1047 1444 1121 1477 den
1155 1446 1188 1478 7.
1215 1442 1365 1483 Iulius).
1416 1441 1514 1475 Nam

51 1503 170 1535 quum
204 1492 339 1525 Caesar
371 1491 487 1524 tertio
524 1490 584 1523 die
617 1495 702 1535 post
736 1492 789 1524 Id.
818 1493 901 1526 Iun.
941 1492 982 1524 in
1009 1491 1226 1525 Sardiniam
1258 1489 1516 1534 pervenisses,

50 1545 241 1572 maturum
279 1537 385 1578 (fr'u'h
412 1540 557 1585 genug)
595 1543 674 1570 erat
711 1539 832 1572 Nonis
869 1539 1031 1581 Quintil,
1067 1539 1109 1571 in
1148 1538 1361 1572 Cumanum
1398 1536 1517 1581 profi-

50 1587 154 1629 cisci,
190 1593 232 1620 ut
266 1586 358 1619 inde
392 1585 544 1619 Caesari
581 1586 623 1618 in
658 1586 808 1619 Italiam
846 1587 1022 1620 venienti
1059 1586 1208 1620 obviam
1248 1585 1307 1618 ire
1345 1589 1514 1629 possent.

50 1636 153 1668 SCH.
188 1653 233 1659 —
274 1637 328 1668 rei
350 1635 527 1677 publicae,
565 1633 665 1666 Crat.
693 1634 822 1667 hamb.
856 1647 931 1668 rem
951 1637 1149 1679 publicam.
1185 1651 1231 1658 -·
1266 1645 1410 1677 sequar,
1449 1631 1516 1665 ich

49 1682 180 1717 werde
207 1682 279 1715 ihn
304 1693 351 1714 zu
377 1681 545 1714 meinem
572 1681 755 1729 Abgange
782 1694 858 1716 von
885 1683 980 1716 Rom
1006 1681 1231 1731 gleiohfalls
1256 1680 1425 1715 w'eihlen.

143 1744 178 1777 2.
231 1742 383 1775 Consilii
406 1743 536 1779 nostri,
564 1752 732 1774 unseren
759 1742 1003 1783 Entschluss‚
1031 1742 1112 1775 dass
1142 1741 1236 1776 Wir
1260 1738 1516 1773 unmittelbar

51 1790 152 1824 nach
192 1790 261 1824 der
299 1788 589 1824 Pharsalischeu
628 1788 813 1822 Schlacht
860 1803 932 1823 uns
984 1801 1060 1823 von
1111 1789 1186 1822 den
1231 1787 1516 1832 Pompeianern

0 1845 1 1850 ¹
50 1842 245 1872 trennten.
275 1856 315 1863 -
343 1850 386 1870 ne
410 1839 443 1870 si
468 1849 524 1870 eos
551 1838 704 1881 quidem.
762 1837 900 1879 Erant,
938 1838 1005 1882 qui
1032 1837 1258 1871 Ciceronem
1284 1836 1517 1868 Varronem-

0 1913 1 1918 ,
52 1898 125 1930 que
152 1885 497 1930 reprehenderent,
526 1884 628 1926 quod
653 1885 891 1929 statim'post
915 1886 1110 1919 devictum
1131 1884 1174 1916 in
1195 1883 1389 1916 Pharsalia
1408 1884 1517 1916 Pom-

2 1939 3 1967 ]
50 1934 181 1979 peium
209 1933 252 1966 ab
279 1932 392 1965 armis
416 1931 686 1965 discessissent.
738 1933 859 1965 Huius
886 1934 1005 1967 nostri
1027 1931 1193 1972 consilii,
1220 1931 1347 1974 inquit
1365 1930 1516 1971 Cicero,

0 1986 4 2021 ζ
55 1994 104 2015 ne
127 1987 208 2014 tum
236 1980 391 2024 quidem
419 1980 526 2013 nobis
552 1980 830 2024 poenitendum
858 1987 1048 2026 putarem,
1076 1980 1106 2013 si
1134 1991 1208 2021 eos,
1237 1979 1303 2023 qui
1328 1978 1369 2011 id
1394 1978 1516 2012 secuti

0 2024 4 2066 ,Γ
53 2040 134 2062 non
168 2034 270 2070 sunt,
310 2038 388 2061 non
421 2027 650 2072 poeniteret.
705 2028 827 2071 Quum
864 2040 955 2063 vero
997 2040 1058 2062 eos
1093 2028 1301 2072 poeniteat,
1334 2025 1438 2070 quod
1473 2026 1517 2058 in

0 2075 1 2102 l
52 2077 154 2111 bello
179 2075 448 2114 remanserint,
476 2076 596 2109 multo
614 2077 739 2109 minus
767 2076 885 2119 nobis,
914 2077 981 2120 qui
1007 2076 1176 2109 saniores
1200 2076 1357 2115 fuimus,
1382 2073 1518 2118 poeni-

0 2103 6 2164 Γ
52 2125 214 2158 tendum
250 2128 357 2168 puto.
392 2123 491 2158 SCH.
528 2142 572 2148 —
609 2125 732 2158 secuti
756 2128 849 2158 enim
874 2137 994 2159 samus
1008 2150 1016 2158 .
1033 2150 1041 2158 .
1058 2150 1066 2157 .
1082 2123 1248 2167 officium
1263 2149 1270 2156 .
1288 2148 1296 2156 .
1312 2148 1320 2156 .
1337 2124 1515 2166 desperat.

0 2170 3 2192 ¹
53 2173 77 2206 i.
104 2183 134 2206 e.
162 2183 245 2204 rem
273 2170 521 2215 desperatam,
560 2171 662 2205 denn
697 2173 752 2205 als
777 2173 852 2206 wir
877 2185 947 2205 uns
975 2185 1061 2205 zum
1096 2170 1296 2215 Pompeius
1331 2169 1515 2217 begaben,

1 2197 7 2277 Γ
54 2231 135 2254 war
161 2231 198 2252 es
225 2219 334 2251 nicht
353 2218 562 2267 Hoffnung,
589 2220 756 2254 sondern
776 2221 928 2261 Pfiicht,
949 2220 1042 2255 Was
1060 2232 1131 2253 uns
1159 2219 1253 2252 dazu
1279 2218 1516 2257 bestimmte3

2 2274 8 2309 Γ
55 2268 109 2301 als
149 2267 222 2299 wir
252 2278 323 2299 uns
359 2266 506 2300 wieder
541 2268 824 2315 zuriickzogen‚
867 2268 1077 2302 verliessen
1116 2267 1195 2301 wir
1229 2265 1343 2299 nicht
1377 2275 1517 2298 unsere

3 2314 9 2366 Γ
54 2315 205 2355 Pflicht,
245 2314 412 2348 sondern
446 2315 533 2348 eine
568 2317 830 2350 verzweifelte
868 2316 1001 2350 Sache.
1043 2335 1082 2341 —
1117 2315 1313 2355 verecund„
1348 2313 1423 2347 wir
1454 2312 1518 2345 be-

0 2341 10 2407 Γ
56 2363 226 2396 nahmen
252 2374 321 2394 uns
347 2362 605 2410 anst'eindiger,
634 2364 840 2397 sittlicher.
879 2383 919 2389 ·—-
953 2367 1180 2398 severitatem
1204 2365 1415 2402 otiosorum,
1454 2359 1517 2393 das

5 2412 11 2447 ζ
55 2417 211 2457 strenge
237 2409 405 2451 Urtheil,
430 2422 506 2443 was
535 2411 597 2443 die
624 2412 744 2445 Lente
771 2414 864 2445 ‘uber
889 2424 959 2444 uns
992 2413 1125 2452 fallen,
1166 2410 1227 2443 die
1262 2410 1401 2442 immer
1434 2407 1518 2440 still

56 2469 232 2506 gesessen
259 2457 355 2490 sind.
405 2458 515 2492 Weit
543 2459 636 2492 eher
654 2459 829 2492 konnten
857 2472 928 2492 uns
950 2460 1022 2493 Die
1040 2459 1185 2500 tadeln,
1213 2457 1275 2490 die
1296 2456 1359 2490 das
1381 2457 1516 2489 Letzte

11 2508 12 2512 ’
58 2507 113 2539 im
140 2504 423 2552 Biirgerkriege
449 2517 497 2538 zu
523 2507 740 2540 versuchen
766 2508 847 2540 und
872 2520 920 2540 zu
945 2519 1081 2554 wagen
1107 2506 1352 2540 beschlossen
1377 2502 1516 2537 haben.

55 2573 103 2579 —
129 2553 304 2599 quomodo
330 2564 384 2586 res
409 2566 444 2586 se
469 2554 586 2596 hahet,
613 2555 688 2588 wie
715 2555 776 2589 die
802 2555 923 2589 Sache
958 2556 1055 2589 auch
1087 2554 1201 2596 steht,
1242 2553 1316 2587 wie
1357 2562 1394 2585 es
1421 2550 1520 2585 auch

12 2616 14 2619 ’
60 2602 163 2635 noch
189 2601 373 2635 kommen
399 2613 498 2649 mag.

8 2635 15 2707 Γ
151 2663 187 2696 3·
238 2663 412 2705 spatium,
455 2662 551 2695 Zeit.
578 2680 623 2687 —
649 2665 683 2696 si
706 2665 838 2697 minus.
876 2637 940 2697 sic
972 2662 1045 2696 Md.
1072 2661 1213 2696 Bened.
1240 2669 1290 2692 Ξ
1314 2662 1370 2693 sin
1401 2661 1521 2693 minus

9 2709 15 2763 Γ
61 2708 157 2743 Gett-
197 2709 272 2743 ΟΒ·
318 2707 354 2744 S·
391 2709 542 2747 Ramsh.
578 2712 606 2755 ἒ.
634 2714 714 2750 190,
743 2716 775 2750 1,
810 2712 922 2745 Amn.
948 2714 983 2746 3.
1010 2714 1044 2746 ll.
1083 2729 1130 2736 —-
1174 2710 1426 2748 Tusculanum,
1459 2717 1519 2740 wo
