1795 3081
449 74 773 124 EPISTOLA
810 75 1179 124 CCCCLXVII.
1476 78 1570 127 137

121 198 237 238 dim.
228 201 245 223 ⁹
288 197 374 238 Sed
405 199 512 237 mihi
543 195 692 243 crede,
736 197 866 236 etiam
896 197 951 236 is.
998 199 1073 249 qui
1104 200 1248 238 omnia
1278 205 1416 249 tenet,
1455 202 1572 240 favet

121 255 332 309 ingeniis·
364 255 631 293 nobilitatem
652 264 756 291 vero
779 258 822 291 et
845 250 1074 305 dignitates
1099 253 1336 303 hominum,
1361 261 1572 307 quantum

121 311 161 348 ei
172 288 260 348 ores
290 315 333 348 et
361 310 499 362 ipsius
529 321 659 347 causa
689 306 911 356 concedit,
948 308 1243 360 amplectitur.
1311 285 1398 350 Sed
1427 310 1571 363 plura,

121 378 250 417 quam
280 370 528 404 statueram.
588 359 730 401 Redeo
770 374 872 415 ergo
912 360 966 400 ad
1004 375 1141 401 unum
1170 364 1302 415 illud,
1348 377 1417 403 me
1444 370 1571 404 tuum

122 432 235 468 esse,
284 421 376 458 fore
407 431 509 458 cum
539 419 646 466 tuis,
695 418 734 456 si
764 416 890 455 modo
920 422 1052 456 erunt
1081 418 1165 456 tui·
1218 421 1255 458 si
1293 421 1463 465 minus,
1503 432 1572 459 me

121 480 239 513 ceite
268 476 312 512 in
342 474 541 513 omnibus
568 473 697 511 rebus
732 473 838 511 satis
875 478 1046 512 nostrae
1080 473 1382 514 coniunctioni
1411 475 1572 515 amori-

122 543 205 582 que
237 531 467 568 facturum.
526 527 651 567 Vale.

220 641 533 691 EPISTOLA
571 641 941 689 ccccnxvn.
981 640 1059 701 (ad
1082 614 1210 691 niv.
1238 644 1347 692 vu.
1383 645 1486 702 27.)

122 732 202 767 Ser.
232 732 371 765 nomae
399 732 556 764 fortasse
583 730 730 772 eodem,
757 736 822 763 aut
847 729 924 763 alio
952 733 1137 764 menseA.
1152 731 1198 764 U.
1217 730 1256 764 C.
1275 734 1358 767 708.
1387 734 1432 773 (a.
1449 732 1486 767 C.
1502 734 1576 774 46.)

123 804 282 837 Fadium
305 802 477 844 Gallum,
506 801 573 846 qui
591 813 628 836 se
650 813 720 847 per
740 801 1146 883 litiiras2accusaverat,
1174 804 1350 849 graviter
1377 804 1574 851 repungit.

551 910 602 944 M.
631 909 808 943 CICERO
836 908 870 943 S.
899 909 941 941 D.
970 908 1145 944 GALLO.

233 970 397 1020 Miror,
428 985 508 1011 cur
524 985 591 1011 me
613 983 804 1021 accuses,
835 983 967 1023 quum
993 971 1070 1009 tibi
1091 969 1135 1009 id
1163 972 1308 1011 facere
1330 984 1416 1010 non
1436 971 1576 1010 liceat.

125 1024 251 1078 Quod
280 1028 317 1065 si
360 1028 530 1073 liceret,
574 1032 718 1065 tamen
760 1039 845 1065 nun
887 1024 1084 1064 debebas.
1141 1027 1259 1082 „Ego
1299 1028 1414 1066 enim
1452 1032 1496 1066 te
1533 1028 1579 1065 in

126 1173 342 1221 genehmer
355 1173 434 1205 als
424 1184 462 1204 in
478 1171 546 1204 der
559 1170 769 1205 Heimath?
785 1190 831 1195 —
855 1175 917 1217 qui
930 1185 961 1205 0.
978 1177 1073 1206 tenet
1091 1173 1421 1206 Umschreib.f1ir
1438 1174 1581 1209 Caesar,

126 1223 326 1267 -ιίιὲηιᾛΐ,
353 1219 572 1253 bekleidete
586 1219 882 1259 Staatswiirden,
910 1220 1072 1253 Ma'nner
1097 1232 1172 1254 von
1186 1222 1353 1255 VViirde.
1368 1241 1409 1247 —
1426 1234 1492 1262 res,
1519 1221 1582 1255 die

127 1270 252 1303 Natur
279 1270 346 1302 der
363 1267 496 1301 Sache.
526 1285 567 1291 —-
595 1269 710 1313 ipsius
735 1279 856 1308 causa,
883 1267 966 1300 sein
993 1269 1148 1314 eioeenes
1172 1270 1372 1303 Interesse.
1401 1288 1440 1294 —
1469 1270 1582 1314 ampl.

127 1329 175 1349 Ξ
201 1323 352 1357 tuetur,
385 1315 529 1348 nimmt
563 1326 604 1348 er
638 1315 679 1346 in
706 1314 861 1348 Schuiz.
896 1332 939 1339 -
975 1315 1043 1348 Sed
1062 1318 1173 1361 plura
1198 1317 1348 1361 scripsi.
1394 1316 1519 1350 Ueber
1544 1317 1579 1349 d.

129 1365 280 1408 Ellipse
306 1377 332 1398 s
360 1363 510 1395 Ramsh.
538 1364 570 1402 §-
595 1363 675 1402 206,
703 1363 743 1401 C,
770 1364 803 1402 2,
833 1375 863 1395 c.
890 1381 935 1386 —
962 1376 1015 1397 me
1041 1368 1143 1396 tuum
1169 1377 1250 1404 esse,
1282 1364 1369 1408 fore
1395 1376 1473 1397 cum
1499 1367 1584 1404 tuis,

132 1413 204 1445 den
232 1410 424 1457 Deinigen
457 1420 527 1442 zur
555 1409 657 1442 Seite
693 1409 826 1443 stehen
864 1411 1005 1443 werde.
1055 1411 1118 1444 Sic
1145 1411 1220 1445 Md.
1256 1412 1353 1445 vict.
1381 1414 1413 1445 1.
1441 1412 1583 1446 Graev.

131 1460 227 1494 Exn.
257 1458 343 1492 Sch
371 1470 424 1490 me
451 1458 501 1490 ad
523 1462 649 1489 nutum
676 1469 744 1489 esse
770 1463 803 1490 et
821 1457 907 1500 fote
934 1461 1021 1498 tuis,
1046 1462 1079 1492 si
1103 1460 1207 1492 modo
1229 1459 1358 1492 Mart.-
1344 1459 1452 1513 -Lagu
1480 1460 1583 1503 (par-

134 1509 204 1541 tim
234 1506 277 1538 de
304 1507 331 1541 Ι.
362 1505 401 1540 F.
431 1504 621 1537 Gronovii
648 1517 703 1536 sus
708 1507 761 1547 p)
787 1505 949 1539 Liinem.
1001 1506 1074 1540 Sed
1099 1506 1174 1539 hoc
1199 1518 1288 1539 sane
1316 1506 1484 1539 nimium
1513 1511 1583 1539 est:

124 1555 213 1599 sore
239 1566 316 1586 cumr
342 1556 415 1586 tuis
439 1552 574 1584 Italica
602 1551 763 1584 dixeris:
802 1565 951 1587 omr'me
977 1555 1016 1586 cli
1042 1566 1178 1587 conce]
1168 1559 1213 1586 ιο.
1253 1554 1326 1587 OR.
1353 1573 1399 1578 -—-
1424 1557 1457 1587 si
1480 1554 1586 1587 modo

133 1608 241 1637 erunt
267 1604 339 1640 ἰαί,
366 1602 494 1633 sofern
520 1598 576 1631 sie
604 1599 658 1631 als
685 1599 747 1632 die
775 1600 969 1646 Deinigen
997 1601 1080 1634 sich
1107 1606 1228 1648 gege'n
1257 1601 1358 1634 Dich
1387 1602 1587 1635 erweisen.

133 1654 172 1684 in
208 1662 302 1683 omn.
338 1648 456 1688 rebus,
501 1646 560 1680 bei
595 1646 698 1679 allen
733 1628 1052 1695 Gelegenheiten.
1086 1668 1130 1674 —
1163 1652 1255 1683 satis
1280 1676 1287 1684 .
1352 1648 1586 1693 .fccctu1zcm.

132 1698 290 1733 Tmesis.

232 1755 404 1790 GALLO.
456 1755 490 1789 S.
517 1766 564 1786 zu
591 1765 649 1798 ep.
676 1754 854 1787 CLXXIX
880 1755 932 1787 im
951 1755 1042 1788 Anf.
1082 1755 1218 1789 Dieser
1232 1757 1272 1791 T.
1286 1757 1425 1790 Fadius
1440 1757 1589 1796 Gallus,

138 1806 202 1840 ein
228 1804 439 1850 Anh'zinger
475 1802 538 1836 des
566 1802 786 1846 Pompeius,
830 1814 914 1836 war
951 1810 1064 1835 unter
1091 1803 1256 1837 Cicero's
1285 1806 1486 1839 Consulate
1520 1808 1587 1841 691

140 1853 298 1895 Questor
323 1852 400 1884 und
427 1853 510 1889 697,
537 1850 590 1882 als
607 1849 744 1882 Cicero
771 1861 833 1882 aus
861 1850 946 1882 dein
963 1850 1075 1882 Exsil
1102 1852 1415 1886 zuriickberufen
1441 1853 1590 1893 wurde,

138 1901 332 1933 Tribunus
359 1899 482 1931 Plebis
507 1909 694 1944 gewesen.
745 1896 778 1931 S.
809 1897 966 1944 Pighius
993 1898 1133 1931 Annal.
1162 1899 1204 1931 ad
1234 1911 1263 1932 a.
1291 1902 1371 1935 696.
1423 1901 1519 1935 Wie
1555 1912 1591 1933 es

141 1948 312 1988 scheint‚
339 1946 445 1978 hatte
473 1956 512 1979 er
539 1945 633 1977 ietzt
659 1945 742 1978 dem
771 1945 905 1978 Cicero
934 1945 973 1977 in
1003 1945 1128 1979 einem
1157 1953 1273 1980 etwas
1300 1947 1593 1981 unziemlichen

139 1996 246 2028 Tone
264 1995 471 2028 Vorwiirse
494 1993 656 2025 dariiber
679 1992 872 2038 gemacht,
903 1992 982 2025 dass
1005 2003 1046 2026 er
1069 1993 1151 2026 sich
1175 1995 1234 2027 bei
1256 1995 1368 2028 Ciisar
1393 1995 1504 2028 nicht
1527 2007 1593 2027 um

144 2043 249 2076 seine
262 2041 614 2087 Zuriickberufung
626 2052 702 2072 von
717 2040 1063 2086 ‹ier-Verbannung·
1078 2052 1140 2073 aus
1152 2042 1291 2077 italien
1307 2042 1529 2082 verwende,
1551 2042 1596 2074 da

144 2102 199 2130 er,
228 2090 384 2128 Fadius,
425 2099 461 2121 es
493 2100 591 2142 ξ3ῃΖ
626 2088 762 2120 anders
793 2099 858 2120 um
888 2087 957 2120 ihn
984 2088 1164 2122 vexdient
1189 2089 1285 2124 habe
1311 2091 1390 2124 und
1418 2090 1484 2122 ihr
1511 2090 1596 2123 eh‹

143 2138 303 2183 indiges
332 2135 536 2170 Verh'ailtn‘
528 2147 575 2167 iss
607 2135 687 2175 (des
716 2135 876 2168 Consuls
911 2148 958 2168 zu
990 2136 1135 2169 seinem
1167 2137 1346 2179 Quas†0r‚
1389 2139 1464 2174 wie
1493 2139 1597 2171 eines

143 2186 281 2217 Vaters
307 2196 354 2216 zu
380 2183 525 2217 seinem
543 2182 687 2225 Sohne)
703 2184 832 2217 Etwas
859 2195 957 2231 ganz
985 2184 1122 2217 anders
1148 2196 1223 2219 von
1241 2186 1379 2223 Cicero
1407 2185 1596 2219 exscidert

143 2232 261 2265 h'a'tte.

241 2282 272 2313 1.
298 2276 428 2317 Miror,
439 2290 565 2312 carme
579 2291 731 2318 accuses,
747 2290 783 2312 es
795 2279 976 2312 Wundert
991 2278 1111 2319 mich,
1126 2279 1276 2314 dassDu
1291 2281 1601 2328 michanklugst

146 2327 182 2362 S.
197 2326 347 2359 Ramsh.
364 2329 392 2367 §.
406 2328 484 2365 17³,
499 2328 533 2361 2.
563 2327 762 2360 Gronovio
776 2327 930 2360 Videtur
943 2326 1105 2359 Cicero
1096 2340 1136 2359 ln
1151 2329 1265 2361 verbo
1281 2341 1434 2362 (cczcsscs
1450 2329 1600 2363 ludere

148 2374 249 2417 quod
267 2375 431 2418 positum
453 2375 502 2407 sit
519 2386 590 2419 pro
607 2376 738 2419 culpes,
759 2386 865 2419 arga
867 2387 908 2414 s,
934 2373 1149 2430 reprehende
1153 2387 1181 2417 ,53
1203 2388 1320 2419 quum
1337 2376 1530 2419 sequemia
1550 2377 1600 2407 itu

147 2430 297 2460 eonem,
339 2422 443 2464 quasi
470 2422 509 2455 id
535 2423 718 2466 posuisset
745 2423 790 2456 de
829 2423 1066 2457 accusatione
1106 2424 1148 2456 in
1179 2426 1263 2457 foro
1297 2436 1424 2457 coram
1460 2423 1600 2456 iudice.

148 2488 194 2493 -—
216 2482 285 2501 non
313 2470 418 2501 liceat
444 2475 604 2513 propter
630 2469 869 2513 quaestoriae
897 2471 1230 2507 necessitudinem.
1282 2472 1372 2506 Vid.
1400 2472 1530 2504 Divin.
1560 2472 1601 2502 in

150 2516 300 2551 Caecin.
330 2526 363 2548 e.
392 2519 445 2551 19.
497 2518 637 2550 Fuerat
675 2525 801 2550 autem
830 2524 1007 2560 quaestor
1035 2518 1236 2553 Ciceronis
1264 2531 1365 2552 cons.
1391 2521 1471 2554 691.
1512 2518 1601 2553 Vid.

150 2570 232 2609 post
250 2563 374 2597 Redit.
403 2565 441 2596 in
461 2563 587 2598 Senat.
615 2576 643 2598 ο.
671 2566 705 2599 8.
731 2564 804 2599 Sed
831 2571 867 2598 et
893 2565 968 2597 alia
994 2571 1118 2609 potest
1144 2578 1254 2600 causa
1279 2567 1378 2607 dari,
1406 2567 1495 2610 quia
1523 2574 1604 2599 erut

152 2611 270 2645 exsul.
302 2610 516 2645 GRONOV.
542 2631 587 2636 -—
614 2614 722 2658 „L'go
748 2640 755 2647 .
784 2638 792 2645 .
819 2638 826 2644 .
855 2613 970 2646 obse?
978 2626 1105 2655 cram,
1133 2614 1197 2647 ich
1223 2614 1332 2648 hatte
1359 2614 1476 2653 doch,
1503 2620 1605 2659 sagst

152 2660 233 2698 Du,
270 2659 334 2691 ffir-
359 2659 459 2692 Dich
493 2638 695 2694 w‘ahrendb
708 2660 848 2694 Deines
875 2659 1075 2694 Consulats
1107 2662 1183 2695 alle
1210 2662 1392 2709 Achtung
1420 2661 1606 2716 gehabt.‘

151 2706 291 2739 Fadius
318 2707 443 2752 igitur
471 2708 638 2752 imputat
655 2707 836 2742 Ciceroni
863 2707 1011 2741 cultum
1041 2715 1078 2743 et
1104 2710 1246 2752 officia,
1274 2721 1368 2754 quae
1396 2709 1431 2743 ei
1460 2709 1606 2742 consuli
