1795 3081
217 92 313 139 408
497 88 564 135 Μ.
600 87 654 134 Τ.
690 85 1032 136 CICERONIS
1069 82 1451 133 EPISTOLAE.

225 209 432 250 Puteolos
476 223 564 248 non
603 210 690 249 fuit
727 207 939 252 eundum,
985 219 1121 259 quum
1166 205 1220 245 ob
1260 219 1326 254 ea,
1379 219 1491 258 quae
1534 205 1592 246 ad
1631 213 1675 247 te

226 266 401 317 scripsi,
441 271 536 304 tum
567 262 688 315 quod
721 263 883 302 Caesar
918 260 1057 302 adest.
1112 258 1338 300 Dolabella
1367 261 1521 300 scribit
1550 275 1596 300 se
1624 262 1679 301 ad

183 323 293 362 2me
323 320 544 371 postridie
576 318 691 358 idus.
734 316 768 356 O
801 318 1065 371 magistrum
1095 316 1352 355 molestum!
1392 315 1592 369 Lepidus
1622 315 1679 356 ad

225 389 293 414 me
323 374 421 413 heri
452 375 630 426 vesperi
661 374 815 412 literas
845 373 971 410 misit
998 371 1160 419 Antio3
1194 384 1294 410 nam
1327 370 1394 409 ibi
1417 377 1515 410 erat
1535 394 1582 399 -
1604 372 1679 411 ha-

228 431 301 469 bet
333 431 451 468 enim
483 427 674 478 domum,
706 440 837 480 quam
869 440 946 466 nos
978 424 1334 465 vendidimus—
1362 433 1492 481 rogat
1520 439 1680 482 magno

227 498 376 537 opere,
406 491 455 524 ut
484 485 566 522 sini
600 482 697 521 Kal.
731 485 778 521 in
813 487 998 530 senatu3
1036 495 1103 520 me
1133 488 1178 521 et
1207 481 1295 520 sibi
1325 487 1368 520 et
1395 480 1575 520 Caesari
1604 494 1681 521 ve-

227 539 452 578 hementer
481 545 656 594 gratum
691 550 783 576 esse
804 538 1038 576 facturum.
1077 536 1188 575 Puto
1210 535 1416 588 equidem
1436 536 1543 575 nihil
1575 550 1681 577 esse.

228 593 426 634 Dixisset
475 595 591 633 enim
642 592 723 631 tibi
764 595 954 632 fortasse
999 590 1174 644 aliquid
1215 591 1409 644 Oppius3
1468 592 1681 643 quoniam

229 649 388 690 Balbus
421 656 487 688 est
516 661 663 702 aeger.
709 646 797 686 Sed
828 654 974 686 tamen
1006 648 1155 685 malim
1184 648 1340 686 venire
1363 648 1531 686 frustra
1550 661 1682 699 quam

229 703 492 753 desiderari,
524 706 562 742 si
593 717 704 754 opus
736 709 873 741 esset:
905 702 1088 741 moleste
1119 704 1282 741 ferrem
1315 708 1480 752 postea.
1525 701 1682 755 Itaque

228 759 359 799 hodie
388 760 539 798 Antii:
581 771 677 797 cras
709 765 810 797 ante
839 756 1070 796 meridiem
1103 756 1231 796 domi.
1297 756 1369 794 Tu
1398 757 1551 806 velim⁷
1593 759 1683 802 nisi

187 820 272 859 3te
301 814 588 865 impedivisti,
618 812 731 866 apud
761 826 837 851 nos
868 812 1016 864 pridie
1038 811 1136 852 Kal.
1160 825 1259 850 cum
1275 811 1402 851 Pilia.
1461 812 1525 851 Te
1549 825 1680 865 spero

229 883 326 908 cum
358 867 551 908 Publilio
590 868 840 908 confecisse.
911 866 1128 919 Equidem
1159 865 1258 907 Kal.
1295 869 1343 905 in
1375 866 1682 906 Tusculanum

229 938 470 964 recurram.
529 923 604 962 Me
645 924 763 962 enim
804 922 986 961 absente
1025 923 1176 963 omnia
1218 935 1318 960 cum
1357 922 1448 960 illis
1490 923 1683 977 transigi

228 980 357 1020 malo.
417 980 465 1030 Q.
485 980 637 1017 fratris
662 978 895 1029 epistolam
915 976 971 1016 ad
1001 983 1045 1016 te
1078 978 1194 1020 misi,
1227 990 1314 1015 non
1348 978 1454 1015 satis
1486 978 1681 1016 humane

227 1035 352 1074 illam
384 1033 559 1087 quidem
587 1033 925 1086 respondentem
951 1033 1058 1071 meis
1089 1031 1253 1079 literis,
1285 1030 1361 1070 sed
1391 1038 1536 1071 tamen
1567 1030 1684 1085 quod

227 1090 314 1130 tibi
342 1091 451 1133 satis
481 1090 554 1139 sit,
586 1095 637 1130 ut
666 1086 872 1140 equidem
903 1088 1124 1127 existimo.
1183 1087 1256 1126 Tu
1287 1085 1473 1128 videbis.

308 1225 622 1278 EPISTOLA
657 1225 976 1275 DCXXXIV.
1023 1225 1105 1284 (ad
1140 1224 1296 1273 Attio.
1333 1224 1468 1272 XIII.
1507 1225 1606 1282 48.)

348 1303 427 1338 Ser.
457 1305 496 1336 in
523 1303 739 1338 Tusculano
767 1303 878 1336 initio
904 1302 1008 1347 Sept.
1036 1304 1077 1337 A.
1100 1303 1146 1336 U.
1171 1302 1208 1336 C.
1235 1304 1315 1337 709.
1347 1302 1397 1342 (a.
1423 1300 1463 1334 C.
1487 1302 1560 1343 45.)

369 1363 424 1401 De
452 1364 592 1411 Leptae
618 1361 829 1396 hereditate
858 1368 893 1396 et
920 1365 965 1396 de
993 1362 1209 1395 laudatione
1235 1362 1401 1396 Porciae.
1432 1364 1537 1397 1—2.

721 1422 897 1456 CICERO
938 1422 1117 1456 ATTICO
1162 1420 1198 1456 S.

337 1484 452 1525 Heri
483 1484 633 1523 nescio
664 1483 768 1536 quid
802 1485 848 1527 in
879 1485 1073 1537 strepitu
1099 1482 1254 1523 videor
1275 1481 1518 1531 exaudisse,
1549 1495 1684 1535 quum

229 1572 299 1607 ihn
325 1585 372 1606 an
396 1573 596 1608 Vestorius
622 1574 693 1606 mit
723 1574 808 1608 dem
834 1576 1018 1622 Austrage
1043 1574 1231 1607 absenden
1258 1586 1305 1606 zu
1332 1574 1497 1614 konnen,
1542 1573 1619 1605 dass
1648 1584 1688 1606 er

230 1622 293 1655 die
320 1622 523 1655 Clu-visehe
550 1621 751 1655 Erbschaft
780 1624 820 1655 in
847 1624 1013 1657 meinem
1041 1624 1189 1656 Namen
1225 1627 1387 1663 antrete,
1424 1627 1465 1654 ut
1491 1621 1685 1655 Vestorius

229 1680 315 1703 meo
342 1670 443 1702 iussu
469 1669 721 1703 hereditatem
747 1670 864 1704 adeat.
894 1671 983 1704 Vid.
1013 1682 1071 1714 ep.
1099 1672 1181 1711 629,
1207 1673 1240 1704 3.
1263 1688 1302 1694 -—
1324 1682 1394 1703 non
1411 1669 1495 1712 suit
1521 1670 1685 1710 eundum,

229 1717 295 1751 ich
331 1718 445 1753 selbst
477 1718 603 1750 durfte
642 1717 752 1750 nicht
786 1717 884 1751 nach
917 1718 1066 1751 Puteoli
1104 1717 1240 1751 reisen.
1277 1717 1363 1764 Vgl.
1393 1728 1448 1761 ep.
1476 1719 1556 1754 628,
1582 1719 1613 1752 2.
1644 1735 1687 1742 —

230 1767 342 1806 adest,
379 1765 431 1797 im
460 1766 617 1812 Anzuge
649 1765 710 1806 ist,
749 1777 837 1799 mox
873 1766 1070 1799 adfuturus
1108 1766 1272 1799 videtur.
1306 1783 1353 1791 -—-
1388 1767 1565 1810 postridie
1590 1765 1688 1805 Idus,

230 1814 299 1849 auf
321 1813 395 1846 den
414 1814 469 1846 14.
492 1813 649 1859 August,
675 1813 759 1848 scil.
787 1818 994 1847 venturum
1022 1824 1111 1846 esse.
1132 1833 1171 1839 -ι
1204 1814 1232 1846 O
1258 1816 1476 1858 magistrum
1502 1814 1688 1847 molestum

229 1866 392 1906 propter
430 1860 618 1894 lautitiam
652 1861 732 1894 eius
769 1861 810 1893 in
853 1860 1045 1895 coenando
1083 1863 1136 1900 (V.
1171 1872 1227 1905 ep.
1254 1863 1336 1901 450,
1363 1862 1437 1902 7.);
1472 1865 1553 1893 tum
1587 1860 1688 1904 quod

230 1909 330 1954 apud
357 1908 581 1942 Ciceronem
609 1909 852 1952 frequentior
883 1914 976 1950 erat,
1014 1919 1125 1951 quam
1162 1909 1233 1942 ille
1266 1909 1334 1943 otii
1360 1908 1520 1953 cupidus
1556 1909 1688 1950 vellet,

230 1967 453 2004 semperque
480 1955 646 1997 docebat,
675 1967 837 2000 quonam
865 1957 976 1990 modo
999 1956 1134 1990 Cicero
1161 1969 1200 1990 se
1226 1961 1377 2004 gereret
1403 1956 1579 1991 adversus
1599 1957 1688 1991 Gae-

231 2015 355 2037 sarem
393 2003 603 2048 quibusque
640 2004 750 2038 rebus
788 2005 896 2042 illius
932 2005 1106 2039 animum
1150 2005 1384 2053 recolligere
1416 2009 1553 2049 posset.
1599 2004 1686 2040 vid.

233 2063 292 2097 ep.
319 2054 401 2094 447,
426 2054 449 2087 2
474 2051 539 2084 sub
565 2051 631 2085 fin.

327 2101 361 2138 2.
411 2106 534 2146 rogat.
580 2099 746 2144 Lepidus
782 2100 883 2134 enim
916 2100 989 2134 iam
1025 2105 1105 2134 erat
1139 2100 1272 2134 consul
1311 2099 1474 2133 Caesaris
1509 2100 1603 2135 loco.
1641 2119 1688 2125 -

232 2147 328 2187 nihil
351 2147 375 2183 i.
402 2159 431 2181 e.
459 2147 608 2185 nullam
636 2159 716 2184 rem
743 2159 833 2187 esse,
868 2148 974 2181 cuius
1012 2160 1122 2181 causa
1148 2159 1298 2182 necesse
1330 2148 1378 2180 sit
1405 2159 1465 2182 me
1492 2148 1618 2182 adesse
1646 2149 1687 2181 in

233 2200 377 2235 senatu.
413 2196 590 2232 MANUT.
625 2214 673 2220 —-
704 2208 820 2241 aeger.
856 2195 892 2230 S.
929 2208 989 2241 ep.
1026 2199 1107 2234 631,
1142 2198 1177 2230 2.
1211 2215 1257 2221 —
1294 2200 1332 2232 ut
1365 2199 1433 2229 sim
1459 2198 1544 2232 Kal.
1572 2195 1687 2241 Sept„

234 2255 295 2283 am
322 2248 449 2280 ersten
469 2243 692 2289 September
717 2244 769 2277 im
790 2243 928 2278 Senate
954 2257 1002 2277 zu
1029 2243 1264 2278 erscheinen.
1283 2260 1328 2269 —
1354 2256 1461 2289 quam
1479 2245 1689 2284 desiderari,

234 2292 290 2325 als
322 2291 429 2325 mich
461 2292 670 2325 vermissen
708 2292 840 2329 lassen,
876 2310 919 2322 -l-
953 2295 1100 2326 moleste
1117 2292 1211 2335 ferr.
1236 2297 1333 2337 post,
1362 2304 1399 2325 es
1425 2292 1557 2326 wiirde
1584 2293 1689 2326 mich

232 2337 434 2373 hinterher
459 2338 568 2371 nicht
593 2340 722 2386 wenig
748 2351 876 2374 reuen.
903 2358 950 2364 —
980 2343 1090 2374 Antii
1115 2351 1204 2381 ero3
1242 2342 1339 2373 domi
1364 2351 1443 2376 ero.
1481 2358 1520 2365 —
1557 2343 1632 2373 nisi
1656 2345 1690 2376 te

235 2388 470 2432 impedivistz',
496 2398 611 2421 wenn
636 2387 695 2420 Du
714 2387 813 2422 Dich
840 2387 949 2422 nicht
974 2389 1092 2422 sehon
1116 2390 1188 2422 fest
1214 2386 1404 2434 gemacht,
1432 2387 1690 2431 versprochen

235 2435 332 2476 hast,
360 2435 421 2469 bei
445 2434 569 2471 einem
597 2435 775 2470 Anderen
811 2448 859 2468 zu
884 2436 1045 2480 speisen.
1077 2455 1124 2460 -—
1158 2437 1256 2480 apud
1278 2448 1341 2469 nos
1373 2447 1493 2470 cenes.
1527 2454 1574 2460 —-
1611 2449 1690 2470 cum

236 2483 335 2518 Pilia
360 2494 490 2516 uxore.
517 2484 611 2527 prid.
638 2485 722 2517 Kal.
758 2495 817 2518 am
844 2484 986 2518 letzten
1013 2485 1071 2518 od.
1097 2487 1153 2519 31.
1181 2485 1337 2531 August.

331 2534 366 2566 3.
418 2531 607 2575 confecisse
639 2531 684 2565 de
721 2530 806 2565 dote
832 2532 1019 2568 Publiliae
1045 2533 1230 2566 reddenda.
1276 2532 1311 2565 S.
1340 2542 1400 2575 ep.
1426 2534 1507 2566 630.
1534 2550 1580 2556 —
1605 2534 1689 2565 Kal.

237 2578 338 2623 Sept.
367 2578 519 2613 dimisso
554 2584 686 2612 senatu
717 2579 844 2613 statim
879 2583 917 2613 in
943 2582 1180 2614 Tusculanum
1206 2591 1400 2614 recurram.
1439 2580 1618 2614 MANUT.
1644 2598 1690 2604 —

240 2628 377 2670 Quinti.
412 2626 447 2660 S.
478 2639 534 2672 ep.
562 2629 643 2668 629,
670 2629 692 2661 4
718 2638 842 2674 gegen
868 2628 988 2661 Ende.
1025 2645 1069 2653 —
1109 2628 1203 2674 quod
1226 2630 1297 2661 tibi·
1320 2631 1410 2661 satis
1434 2631 1495 2667 sit,
1530 2629 1554 2660 i.
1582 2639 1613 2661 e.
1650 2628 1689 2659 in

239 2686 310 2717 qua
347 2680 475 2708 tamen
518 2686 562 2708 ea
596 2675 641 2708 de
677 2686 717 2709 re
752 2675 897 2720 scripta
927 2676 1015 2716 sint,
1051 2687 1145 2720 quae
1180 2676 1250 2711 tibi
1287 2675 1502 2711 satisfacere
1535 2676 1688 2720 possint.

237 2722 340 2757 MAN
347 2722 413 2760 UT.
