1795 3081
524 82 849 133 EPISTULA
889 83 1164 131 CCCCXII.
1519 82 1579 127 31

126 224 224 248 cnm
240 209 424 248 Camillo
457 206 759 254 communices,
790 203 1105 243 utTei-entiam
1136 205 1346 243 moneatis
1376 201 1427 242 ‹le
1458 209 1584 242 testa-

124 272 282 304 mento.
321 264 538 316 Tempora
569 266 758 308 nument,
788 265 838 298 ut
866 258 1027 308 videat,
1057 267 1106 298 ut
1135 261 1390 308 satisfaciat,
1422 259 1583 311 quibus

125 320 261 359 debet.
320 318 526 358 Auditum
566 330 619 354 ex
653 315 883 354 Philotimo
919 319 983 353 est
1013 328 1105 353 eam
1135 315 1344 355 scelerate
1373 313 1584 367 quaedam

127 378 282 414 favero.
344 372 568 411 Credibile,
599 373 671 409 vix
704 376 778 409 cst.
849 368 935 409 Sed
973 375 1111 414 certe,
1152 372 1189 408 si
1219 369 1326 423 quid
1362 375 1441 419 est,
1471 367 1585 421 quod

127 433 222 469 sieri
254 430 410 483 possit,
455 423 773 480 proxidendum
803 431 879 463 est.
938 422 1005 462 De
1041 425 1240 462 omnibus
1279 426 1410 466 rebus
1451 424 1584 463 velim

126 484 179 524 ad
210 500 278 524 ine
307 485 499 530 scribas,
541 488 582 519 et
620 482 805 519 maxime
843 477 948 533 quid
978 476 1177 529 [scribas]
1217 479 1270 519 de
1305 494 1377 528 ea,
1420 480 1466 518 in
1498 492 1583 531 quo

127 549 199 579 tuo
230 539 414 578 consilio
445 550 574 590 egeo,
606 537 737 575 etiam
769 536 805 573 si
836 534 944 573 nihil
973 536 1215 589 excogitas:
1254 535 1299 575 id
1329 536 1444 575 euim
1472 534 1584 573 mihi

125 598 210 635 erit
239 608 320 647 pro
351 593 592 646 desperato.
650 605 713 630 ui.
746 589 894 630 Nonas
925 589 1019 630 Iun.

286 704 602 755 EPISTOLA
641 671 919 755 ccccxli.
957 705 1039 766 (aa
1075 705 1175 753 An.
1212 703 1295 751 XI.
1332 703 1431 761 17.)

196 784 277 818 Ser.
306 783 504 817 Brundisii
533 783 673 818 XVIII.
702 784 785 817 Kal.
814 784 944 827 Quint.
972 784 1015 817 Α.
1043 783 1087 816 U.
1115 782 1158 816 G.
1187 783 1269 817 707.
1296 780 1344 823 (a.
1373 779 1413 813 C.
1441 779 1515 821 217.)

126 845 304 878 Breviter
321 843 493 877 Tulliam
522 843 719 877 advenisse
746 843 898 877 nuntiat
924 849 974 883 et,
1000 842 1094 886 quid
1119 841 1166 876 de
1186 840 1353 876 Caesaris
1379 839 1491 873 rebus
1519 850 1583 872 au·

635 890 765 932 diei-it,
792 893 925 930 refert,
954 893 1058 925 1-3.

625 950 803 985 ClCERO
829 950 1010 985 ATTICO
1039 950 1075 984 S.

234 1011 576 1064 Properantibus
608 1011 846 1051 tabellariis
885 1012 1035 1051 alienis
1064 1011 1176 1050 hanc
1207 1008 1431 1063 epistolam
1461 1005 1582 1047 dedi:

128 1081 176 1105 eo
206 1067 388 1106 brevior
418 1073 494 1106 est.
527 1072 582 1114 et,
615 1065 729 1120 quod
760 1080 878 1106 eram
908 1068 1123 1106 missurus
1153 1078 1281 1105 meos,
1315 1063 1462 1103 Tullia
1490 1076 1586 1102 mea

127 1124 247 1163 xenit
276 1121 330 1160 ad
366 1135 434 1160 me
474 1121 619 1174 pridie
652 1119 751 1161 Idus
782 1122 873 1160 lun.
912 1120 1051 1175 deq'ue
1087 1129 1164 1162 tua
1204 1133 1308 1175 erga
1346 1132 1392 1158 se
1434 1118 1585 1157 obser-

126 1178 272 1218 vantia
302 1177 692 1229 benevolentiaque
729 1175 835 1215 mihi
870 1177 1062 1231 plurima
1103 1177 1306 1228 exposuit
1347 1175 1586 1226 literasque

127 1231 320 1271 reddidit
349 1233 495 1271 trinas.
553 1232 641 1286 Ego
671 1237 815 1271 autem
844 1245 896 1271 ex
925 1233 1062 1284 ipsius
1091 1233 1275 1280 virtute,
1302 1228 1586 1279 humanitate,

126 1290 285 1342 pietate
314 1301 399 1325 non
428 1285 557 1326 modo
587 1300 679 1326 eam
712 1288 814 1327 volu
850 1293 982 1327 tatem
1010 1300 1096 1326 non
1125 1287 1242 1339 cepi,
1273 1298 1403 1339 quam
1429 1296 1586 1338 capere

126 1357 177 1382 et
207 1343 418 1396 singulari
449 1343 539 1381 filia
569 1341 721 1389 debui3
762 1354 806 1381 se
865 1345 996 1382 etiam
1025 1341 1279 1382 incredibili
1308 1353 1405 1380 sum
1434 1338 1585 1378 dolore

127 1400 326 1441 affectus,
370 1398 452 1435 tale
484 1398 704 1449 ingenium
734 1398 779 1435 in
809 1404 897 1436 tam
927 1398 1086 1436 misera
1116 1398 1294 1436 fortuna
1321 1395 1490 1436 versari
1517 1393 1585 1434 id-

223 1487 256 1519 5.
305 1485 402 1529 quod
436 1491 469 1518 tc
504 1498 610 1520 orem.
660 1485 793 1524 „Alibi
830 1486 928 1520 dicit
960 1489 1042 1519 ut.“
1092 1486 1188 1519 Ern.
1226 1484 1301 1520 ΟΒ.
1336 1503 1384 1510 —-
1414 1485 1583 1518 Camillo.

131 1535 226 1565 Nam
256 1533 322 1565 hic
349 1544 424 1565 non
453 1533 599 1573 minus,
636 1544 749 1576 quam
778 1533 1024 1578 Pomponius,
1050 1531 1249 1568 Ciceronis
1276 1542 1336 1565 res
1363 1539 1401 1566 et
1427 1532 1585 1580 neg-otia

129 1581 296 1619 curabat,
322 1588 363 1613 ut
382 1581 546 1613 ostendit
567 1580 671 1623 epist.
700 1581 778 1615 195.
806 1583 885 1616 252.
912 1583 992 1617 283.
1017 1583 1089 1617 306
1113 1579 1336 1613 h.ed.—cle
1354 1585 1585 1614 testamento.

130 1628 313 1672 Cupiebat
340 1627 476 1661 Cicero
505 1640 523 1660 a
549 1628 732 1661 Terentia
758 1633 1032 1663 testamentum
1059 1629 1158 1668 fieri,
1185 1633 1228 1661 ut
1254 1627 1340 1669 illa,
1377 1639 1495 1672 quum
1523 1640 1583 1662 res

129 1688 208 1706 suns
236 1675 504 1715 constitueret,
531 1676 770 1709 satisfaceret
797 1675 865 1718 iis,
891 1677 1030 1721 quibus
1056 1676 1223 1710 debebat.
1273 1677 1427 1710 Monere
1451 1683 1581 1710 autem

130 1723 173 1755 ‹le
194 1729 422 1755 testamento
450 1723 687 1755 commodius
714 1730 813 1763 erat,
846 1735 961 1767 quam
989 1725 1034 1759 de
1059 1724 1263 1767 solutione.
1314 1724 1433 1762 Nam,
1460 1735 1580 1768 quum

130 1776 396 1803 munumentum
417 1771 640 1806 conficeret,
667 1771 881 1805 necessario
898 1773 1135 1816 sequebatur.
1160 1778 1203 1805 ut
1229 1771 1274 1806 de
1299 1771 1491 1805 solutione
1517 1783 1580 1805 co-

129 1819 280 1864 gitat-ot.
309 1817 491 1851 MANUT.
518 1838 563 1842 --
589 1819 697 1851 debet.
725 1817 790 1851 Sic
817 1822 899 1853 Asc.
926 1832 986 1865 pr.
1014 1821 1142 1854 Lamb.
1169 1821 1293 1853 debeat
1318 1820 1416 1854 Cett.
1433 1839 1479 1844 —
1497 1819 1580 1853 Phi-

128 1869 266 1903 lotium,
295 1867 375 1899 eius
401 1866 551 1899 liberto.
579 1886 624 1891 ——
650 1867 739 1911 quid
762 1866 928 1911 [scribas]
955 1869 994 1900 de
1021 1880 1073 1902 ea.
1099 1866 1164 1901 Sic
1183 1868 1265 1900 Asc.
1295 1870 1325 1901 1.
1353 1867 1455 1902 Crat.
1483 1868 1580 1900 Vict.

129 1915 209 1946 Bos.
236 1915 373 1947 Graev.
410 1920 446 1947 et
474 1914 565 1949 Cdd.
592 1922 747 1957 praeter
774 1915 838 1949 cd.
866 1916 1030 1956 Fae'rni;
1074 1916 1142 1960 qui
1168 1926 1242 1949 oui.
1278 1916 1415 1949 scribas
1446 1916 1580 1961 probb.

128 1961 281 2005 Malasp,
310 1962 446 1994 Graev.
475 1968 512 1995 et
527 1962 621 1996 hall.
648 1964 804 1997 maxime
827 1966 917 2008 quid
937 1966 1076 1998 scribas
1101 1965 1142 1997 de
1166 1975 1205 1996 eo
1229 1963 1275 1997 de
1290 1964 1452 2007 Popmae
1479 1964 1580 1999 coni.

130 2011 221 2042 Ern.
249 2008 334 2042 Sch.
363 2010 473 2051 (Liin.
503 2020 576 2042 om.
603 2011 692 2054 quid
712 2013 798 2053 scr.)
823 2011 888 2044 Sic
913 2013 1003 2058 quid
1025 2018 1120 2046 esset
1145 2022 1216 2056 pro
1241 2013 1394 2056 aliquid,
1420 2018 1462 2045 ut
1477 2011 1580 2045 Libr.

130 2060 186 2097 13,
219 2059 267 2091 15.
320 2057 457 2090 Nihilo
486 2058 630 2098 minus,
668 2063 710 2091 ut
737 2058 889 2092 volebat
915 2061 1030 2094 etiam
1057 2061 1172 2102 Ern„
1212 2059 1473 2093 inducendum
1500 2064 1582 2093 erat

127 2107 280 2143 scribas„
352 2105 449 2137 Tum
492 2108 647 2139 maxime
692 2107 831 2151 quidem
869 2120 909 2140 ea
947 2108 1091 2152 partim
1131 2118 1220 2141 cum
1256 2107 1407 2152 Malasp.
1449 2107 1581 2141 Lamb.

133 2153 320 2186 ORELLT.
348 2153 388 2186 ‹Ie
407 2166 447 2185 ea
473 2153 692 2196 pertineret
716 2153 759 2186 ad
771 2155 1014 2196 Terentiain3
1041 2155 1086 2189 de
1112 2167 1186 2199 qua
1212 2155 1282 2188 hic
1307 2166 1384 2189 non
1413 2155 1582 2200 amplius

128 2201 267 2246 agitur,
295 2201 357 2233 sed
383 2201 510 2244 potius
536 2201 581 2234 de
606 2202 787 2235 universo
813 2208 912 2236 statu
938 2214 1014 2236 suo.
1059 2203 1165 2236 Hinc
1188 2202 1229 2237 de
1254 2216 1294 2237 eo
1319 2202 1579 2238 scribendum.

128 2249 279 2292 Repetit
306 2248 425 2287 enim,
452 2248 553 2291 quod
579 2260 693 2293 supra
719 2249 750 2293 §
766 2252 797 2285 3.
826 2249 886 2283 his
912 2250 1041 2284 verbis
1066 2251 1351 2286 enuntiaverat=
1379 2265 1400 2284 a
1426 2256 1461 2284 te
1484 2256 1582 2295 peto,

127 2297 222 2340 qam!
243 2297 488 2340 superioribus
515 2299 631 2329 literis
658 2304 727 2332 cet.
778 2298 912 2341 Itaque
937 2309 1072 2332 verum
1101 2305 1155 2333 est
1180 2300 1221 2332 de
1247 2312 1303 2339 eo,
1343 2299 1444 2342 quod
1480 2298 1582 2334 vidit

127 2344 340 2376 Ernestius.
382 2344 479 2376 SC'H.
506 2363 553 2369 —
576 2355 644 2388 pro
670 2346 867 2389 desperato.
895 2346 1044 2391 Nempe
1070 2346 1112 2379 in
1138 2357 1214 2391 quo
1239 2353 1281 2381 tu
1308 2348 1462 2381 nullum
1489 2356 1582 2379 con-

127 2391 261 2423 silium
289 2392 509 2439 excogitare
535 2397 653 2436 potes,
680 2393 761 2426 eius
787 2393 937 2427 nullam
964 2394 1152 2429 medelam
1181 2406 1256 2429 esse
1282 2395 1433 2440 putabo.
1479 2394 1580 2429 SCH.

127 2457 171 2462 —
198 2438 265 2472 111.
295 2438 387 2473 Non.
413 2439 504 2480 Iun„
530 2452 589 2472 ain
617 2442 648 2474 3.
677 2441 820 2476 lunius.

222 2489 252 2519 1.
304 2492 338 2520 et
362 2497 408 2518 =
434 2493 468 2520 et
491 2500 544 2528 eo,
572 2487 672 2521 dann
698 2487 797 2521 auch
819 2487 1007 2528 desshalb,
1032 2489 1113 2524 scil.
1140 2489 1297 2525 brevior
1322 2495 1386 2525 est.
1416 2509 1458 2516 -
1484 2501 1580 2524 meos

125 2533 358 2568 tabellarios.
396 2553 443 2560 -·
475 2536 596 2579 pridie
620 2536 672 2570 Id.
697 2536 796 2577 lum,
821 2547 883 2570 am
910 2538 966 2572 12.
994 2537 1137 2572 Iunius.
1164 2557 1210 2564 —
1235 2541 1376 2580 trinas,
1410 2538 1492 2573 Aac.
1518 2549 1579 2583 pr.

126 2586 255 2617 ternas.
293 2580 327 2616 S.
343 2582 492 2616 Ramsh.
509 2585 537 2623 §.
554 2584 633 2619 157.
660 2584 771 2619 Anm.
787 2586 823 2624 3,
837 2594 871 2617 c.
907 2585 1056 2620 Grotef.
1070 2585 1202 2630 §.300‚
1226 2587 1260 2621 2.
1285 2605 1331 2611 —
1355 2598 1434 2620 sum
1459 2587 1580 2621 dolore

126 2628 277 2673 affectus
295 2636 384 2663 statt
402 2630 690 2665 incredibiliter
708 2631 833 2668 dolui,
852 2642 992 2667 wovon
1008 2633 1110 2667 daun
1129 2634 1197 2668 der
1214 2633 1397 2682 folgende
1414 2641 1578 2670 accusat.

127 2687 156 2708 c.
184 2677 323 2710 infinit.
352 2677 529 2725 abh‘dng-t.
550 2697 597 2703 ——
616 2682 654 2713 in
679 2683 758 2713 tam
782 2681 915 2713 misera
932 2679 1096 2723 fortuna
1121 2688 1285 2726 propter
1310 2681 1440 2716 dotem
1466 2693 1486 2716 a
1502 2682 1578 2715 Do-

123 2723 262 2758 labella
278 2725 359 2759 eius
373 2727 512 2761 marito
527 2726 759 2772 dissipatam.
786 2727 884 2763 SGH.
913 2727 1029 2776 Vrgl.
1047 2740 1104 2775 ep.
1121 2729 1309 2770 CCCCIV,
1321 2732 1355 2768 3.
1384 2729 1579 2766 COGXOII
