1795 3081
612 80 931 131 EPISTOLA
966 82 1231 130 DCXLIII.
1495 86 1591 132 [1⁴23

141 212 376 256 certamen,
415 206 460 244 in
490 218 573 258 quo
601 205 692 242 illis
721 201 926 255 prodesse
955 215 1139 256 possem,
1177 205 1588 257 praetermitterem.

142 259 242 311 Sed,
273 261 478 313 quoniam
507 258 621 312 apud
649 265 691 297 te
720 257 859 296 nihilo
895 259 1036 296 minus
1075 259 1158 297 hoc
1200 265 1397 312 tempore
1437 261 1589 299 valere

140 328 209 354 me
249 314 435 366 confido,
488 327 615 367 quam
657 313 875 353 valuerim
916 325 1086 365 semper
1133 313 1249 366 apud
1289 327 1462 353 omnes:
1505 329 1587 368 pro

141 376 292 409 nostra
327 382 492 409 summa
531 366 849 408 necessitudine
885 369 1068 419 parique
1105 369 1222 408 inter
1259 381 1338 407 nos
1367 376 1410 408 et
1438 377 1588 409 mutua

142 426 448 464 benevolentia
477 424 551 463 abs
579 430 623 463 te
651 429 769 476 pet0,
797 427 848 460 ut
875 422 937 460 ita
962 421 1013 461 de
1039 422 1346 463 Volaterranis
1375 437 1588 475 mereare,

140 486 190 519 ut
219 481 467 519 existiment
495 492 592 518 eum
622 478 744 531 quasi
773 475 923 516 divino
955 479 1138 517 consilio
1168 480 1243 517 isti
1265 480 1440 534 negotio
1461 492 1587 531 prac-

140 536 329 586 positum
359 547 464 584 esse,
506 532 620 586 apud
650 545 776 585 quem
804 545 938 570 unum
969 545 1062 583 1103,
1101 546 1254 573 eorum
1283 535 1484 587 perpetui
1514 533 1587 574 de·

140 591 345 641 feiisores,
375 589 612 642 plurimum
640 588 790 628 valere
818 599 1050 640 possemus.

287 760 603 812 EPISTOLA
636 762 898 811 DCXLIII.
948 761 1029 822 (ad
1063 762 1175 811 Div.
1210 763 1335 811 XIII.
1371 763 1438 822 5.)

280 852 362 887 Ser.
390 852 530 886 Romae
555 863 684 886 mense
710 851 865 886 Octobri
890 852 930 887 A.
957 853 1001 886 U.
1030 852 1068 886 c.
1094 854 1173 887 709.
1219 852 1268 893 (a.
1298 851 1338 887 0,
1366 855 1444 896 45.)

141 923 315 958 Curtium
343 923 584 958 commendat
609 929 802 971 rogatque,
829 928 871 956 ut
896 923 973 957 eius
996 923 1289 958 Volaterranam
1314 924 1585 968 possessionem

574 971 609 1005 ei
634 971 825 1019 integram
850 976 988 1008 servet.
1028 974 1154 1006 1—3:

384 1041 560 1076 CICERO
587 1042 622 1078 S.
651 1043 693 1076 D.
722 1042 761 1085 Q.
789 1042 1008 1078 VALERIO
1035 1042 1148 1076 LEG.
1176 1041 1335 1077 PROPR.

244 1114 345 1154 Non
373 1115 557 1153 moleste
585 1116 680 1153 fero
711 1128 805 1153 eam
834 1113 1207 1162 necessitudinem,
1242 1128 1351 1167 quae
1381 1115 1490 1154 mihi
1520 1122 1584 1155 te-

136 1182 233 1207 cum
263 1176 340 1220 est,
370 1175 517 1208 notam
549 1182 637 1208 esse
668 1182 794 1221 quam
824 1171 1048 1223 plurimis:
1080 1183 1218 1222 neque
1245 1176 1388 1209 tamen
1415 1171 1468 1210 ob
1489 1185 1583 1210 eam

138 1238 310 1265 causam
341 1245 389 1252 —
422 1223 537 1276 quod
566 1230 613 1262 tu
652 1226 815 1276 optime
853 1226 1102 1264 existimare
1139 1231 1262 1276 potes
1290 1247 1343 1253 -—
1372 1232 1415 1264 te
1444 1227 1581 1278 impe-

139 1280 228 1330 dio,
260 1292 344 1331 cluo
375 1280 517 1317 minus
546 1286 791 1332 susceptum
821 1281 1044 1336 negotium
1074 1292 1154 1332 pro
1185 1286 1260 1318 tua
1289 1279 1371 1319 fide
1410 1287 1453 1320 et
1483 1281 1583 1319 dili-

137 1336 284 1390 gentia
314 1347 365 1373 ex
393 1335 622 1372 voluntate
653 1336 865 1384 Caesaris,
904 1336 978 1387 qui
1008 1335 1089 1373 tibi
1119 1348 1211 1374 rem
1241 1348 1439 1391 magnam
1469 1335 1582 1374 diffi-

137 1390 350 1440 cilemque
389 1390 621 1437 commisit,
662 1403 815 1444 gerere
852 1391 1002 1442 possis.
1059 1389 1173 1428 Nam
1217 1403 1348 1441 quum
1388 1392 1516 1430 multi
1558 1403 1583 1429 a

134 1458 201 1483 me
231 1449 381 1496 petant
410 1444 560 1493 multa,
590 1443 705 1496 quod
735 1444 787 1483 de
815 1451 890 1484 tua
921 1458 1023 1500 erga
1053 1458 1120 1484 me
1149 1445 1375 1484 voluntate
1396 1458 1482 1484 non
1505 1445 1584 1484 du-

134 1500 289 1548 bitent,
320 1511 407 1536 non
438 1500 678 1549 committo,
708 1506 756 1538 ut
785 1500 1023 1539 ambitione
1060 1513 1154 1540 mea
1193 1501 1450 1540 conturbem
1487 1501 1580 1539 offi-

135 1556 249 1592 cium
280 1560 415 1593 tuum.
484 1553 529 1592 C.
562 1553 716 1592 Curtio
755 1556 807 1594 ab
847 1557 1024 1593 ineunte
1061 1561 1201 1594 aetate
1242 1552 1621 1595 familiarissime2

133 1622 227 1647 sum
256 1621 370 1647 usus.
428 1608 528 1647 Eius
559 1615 601 1647 et
631 1608 801 1648 Sullani
839 1611 1046 1662 temporis
1087 1611 1369 1650 iniustissima
1405 1611 1582 1649 calami-

132 1670 221 1703 tate
251 1663 389 1713 dolui,
420 1669 463 1702 et
492 1677 624 1716 quum
654 1666 723 1714 iis,
754 1666 829 1716 qui
857 1665 1043 1703 similem
1069 1666 1278 1703 iniuriam
1307 1672 1581 1719 acceperant,

135 1779 173 1811 in
198 1778 270 1812 den
298 1778 416 1812 Stand
441 1784 567 1813 setzte.
585 1784 902 1823 —pruetcrmitt.,
922 1791 960 1814 so
977 1779 1109 1813 wiirde
1129 1779 1194 1813 ich
1219 1790 1296 1814 von
1321 1780 1400 1813 mir
1425 1781 1578 1815 weisen.

130 1830 422 1872 praetermittam
448 1825 534 1861 Sch.
573 1847 614 1852 —-
651 1830 833 1871 quoniam,
869 1828 942 1861 wie
979 1839 1035 1872 ep.
1070 1830 1153 1869 640,
1180 1831 1209 1863 1.
1244 1846 1290 1853 —
1322 1829 1388 1862 hoc
1411 1833 1580 1871 tempore,

133 1874 245 1907 selbst
270 1874 311 1907 in
338 1873 411 1907 den
437 1874 601 1921 ietzigen
628 1875 1004 1909 Zeitverh'a'ltnissen.
1045 1893 1083 1899 —
1120 1881 1159 1907 ut
1184 1879 1284 1910 exist.
1309 1888 1387 1910 eum
1422 1881 1508 1909 statt
1534 1881 1579 1910 te.

132 1941 178 1947 —
203 1925 361 1966 negotio,
390 1921 489 1968 agris
516 1921 743 1956 dividundis.
770 1942 816 1948 —-
841 1936 975 1964 eoram,
1002 1922 1360 1959 Volaterranorum.
1386 1942 1433 1948 —
1458 1936 1578 1969 posse-

132 1982 222 2010 mus,
249 1970 383 2004 Graev.
406 1981 604 2014 possumus.

225 2044 258 2076 1.
310 2052 449 2083 necess,
476 2041 538 2075 das
563 2053 657 2089 enge
676 2041 1075 2083 Freundschaftsband,
1095 2042 1344 2076 Verhziltniss.
1370 2061 1417 2068 —-
1441 2049 1578 2083 notam,

132 2093 384 2134 perspectam,
419 2089 517 2122 aller
540 2089 651 2124 Welt
676 2089 853 2123 bekannt.
879 2109 926 2115 —-
960 2094 1092 2133 optime
1118 2094 1232 2130 exist„
1270 2090 1392 2124 leicht
1417 2091 1578 2125 vorstel-

133 2138 210 2174 len,
234 2154 281 2160 —
306 2136 562 2180 impedioscil.
588 2137 762 2181 precibus
788 2137 893 2179 meis,
928 2137 1028 2171 doch
1053 2149 1140 2185 mag·
1164 2138 1228 2171 ich
1253 2138 1323 2172 Dir
1346 2137 1483 2173 Nichts
1509 2151 1576 2171 zu·

132 2184 307 2223 muthen,
339 2195 415 2217 was
441 2184 539 2218 Dich
563 2184 728 2219 hindern
754 2185 909 2219 konnte.
947 2204 994 2211 —-
1034 2198 1074 2218 ex
1098 2189 1230 2221 volunt.
1259 2187 1370 2226 Caes„
1408 2198 1478 2219 zur
1503 2187 1577 2219 Zu-

132 2231 366 2265 friedenheit
391 2231 453 2266 des
479 2233 669 2266 cusars—
685 2245 759 2266 rem
777 2246 962 2278 magnam,
988 2234 1190 2280 agrariam,
1217 2233 1442 2267 divisionem
1468 2245 1578 2281 agr-o-

134 2291 230 2313 rum.
257 2279 339 2312 Vid.
367 2291 490 2323 super.
519 2281 624 2325 epist.
651 2299 697 2305 —
721 2294 791 2315 non
818 2285 1017 2321 committo,
1055 2287 1162 2323 ut..‚
1200 2292 1238 2315 so
1264 2281 1356 2315 hiite
1382 2281 1445 2313 ich
1471 2280 1577 2314 mich

133 2327 232 2360 doch
258 2326 358 2368 sehr,
394 2327 493 2360 Dich
519 2328 642 2361 durch
670 2329 769 2362 eit'le
795 2327 1131 2376 Zudringlichkeit
1165 2329 1206 2362 in
1232 2329 1301 2362 der
1325 2329 1578 2376 Ver-waltung

132 2375 270 2409 Deines
310 2374 510 2419 Austrages
550 2388 596 2408 zu
642 2377 781 2410 storen.
823 2378 1014 2410 ambitione
1050 2387 1094 2407 =
1128 2370 1324 2410 ambitiosa
1367 2377 1576 2424 rog-atione,

133 2434 205 2465 qua
230 2421 369 2454 multos
394 2422 490 2455 mihi
519 2423 714 2457 devincire
741 2425 900 2468 cupiam,
937 2425 1016 2457 also
1041 2425 1180 2466 Bitten,
1219 2435 1328 2457 wozu
1365 2423 1425 2457 die
1455 2424 1577 2457 Eitel-

131 2469 213 2503 keit
237 2469 427 2509 verleitet,
453 2471 537 2505 sich
562 2471 666 2506 Viele
692 2471 938 2507 verbindlich
971 2483 1018 2504 zu
1045 2471 1218 2513 macheu,
1255 2483 1319 2504 um
1347 2470 1450 2504 diese
1475 2472 1576 2504 (lami

132 2528 202 2549 zur
225 2515 496 2564 Befriedigung
520 2519 648 2552 seiner
673 2519 869 2552 Ehrsucht
895 2532 942 2552 zu
968 2519 1220 2565 gebrauchen.
1257 2518 1347 2565 Vgl.
1369 2529 1426 2562 ep.
1445 2520 1524 2557 645,
1540 2521 1576 2553 ll.

224 2565 256 2598 2.
310 2564 344 2595 C.
375 2566 509 2600 Curtio.
535 2567 669 2600 Cicero
697 2567 942 2614 iiberspringt
963 2567 1032 2601 den
1048 2567 1275 2601 Gedanken:
1304 2565 1404 2605 „mit
1423 2565 1462 2598 C.
1482 2567 1578 2600 Cur-

131 2612 203 2644 tius
230 2611 318 2645 aber
342 2612 408 2645 hat
435 2624 471 2647 es
501 2614 585 2648 eino
612 2614 751 2648 andere
778 2615 856 2648 und
881 2615 1087 2648 besondere
1106 2612 1389 2648 Bewandnissf‘
1408 2632 1452 2637 -
1473 2614 1577 2655 Eius,

131 2659 265 2694 Curtii.
292 2678 337 2685 —
362 2663 584 2702 calamitate,
612 2662 781 2695 insofern
807 2674 848 2696 er
872 2674 942 2695 zur
967 2663 1051 2696 Zeit
1077 2662 1210 2696 Sulla's
1237 2659 1460 2704 proscribirt
1485 2673 1575 2693 war.

130 2724 175 2731 —
202 2720 307 2752 quum
335 2710 380 2741 iis
404 2709 492 2747 (Md.
519 2709 616 2746 vict.
643 2711 674 2745 2.
701 2710 772 2752 his)
803 2714 864 2756 qui
888 2712 993 2745 simil.
1022 2713 1087 2745 ini.
1116 2722 1245 2755 accep..
1280 2707 1342 2740 (lio
1367 2708 1450 2741 eine
1477 2708 1576 2755 glei-
