1795 3081
225 124 321 168 322
515 119 579 165 M.
616 120 670 166 T.
707 115 1050 170 CICERONIS
1087 116 1471 165 EPISTOLAE.

227 247 308 291 set,
340 253 420 293 per
449 252 549 278 eum
569 238 782 288 lllarinm⁷
813 251 941 292 quern
971 237 1258 289 scripsissem,
1289 248 1369 290 per
1397 236 1695 287 eloquentiam

228 297 279 335 L.
313 296 475 346 Crassi,
514 296 588 335 avi
617 295 701 345 sui,
742 300 792 333 ut
829 307 874 332 se
909 291 1250 332 defemlerem:“
1282 304 1544 344 causamque
1573 303 1696 329 suam

229 351 338 390 mihi
367 350 642 404 perscripsit.
701 349 925 402 Rescripsi
964 354 1155 402 patrono
1195 348 1267 386 illi
1305 347 1419 385 nihil
1449 359 1557 399 opus
1588 359 1695 396 esse,

182 414 188 418 ’
229 407 436 459 quoniam
467 407 681 454 Caesaris.
712 405 953 458 propinqui
994 406 1103 453 eius,
1145 404 1286 441 omnis
1331 407 1524 455 potestas
1568 407 1697 451 esset,

231 463 320 501 viri
350 462 508 514 optimi
538 467 582 500 et
610 461 803 499 hominis
833 459 1163 499 liberalissimi:
1206 472 1274 497 me
1303 464 1449 496 tamen
1479 458 1521 496 ei
1550 458 1696 496 fautu-

231 529 345 555 rum.
418 516 454 555 O
484 519 712 568 tempora!
751 517 862 562 fore,
901 529 1035 567 quum
1072 513 1245 553 dubitet
1275 514 1456 554 Curtius
1494 512 1697 551 consula-

189 568 214 606 2
235 578 328 611 tum
356 575 530 624 petere!
573 570 660 611 Sed
689 570 797 610 haec
827 571 1052 610 hactenus.
1110 569 1176 609 De
1207 568 1394 619 Tirone,
1423 567 1534 606 mihi
1564 579 1699 605 curae

231 633 311 666 est.
368 626 456 666 Sed
484 628 574 667 iam
611 627 762 677 sciam,
808 625 915 678 quid
957 631 1071 681 agat.
1140 624 1256 664 Heri
1306 625 1425 663 enim
1462 624 1579 672 misi,
1623 622 1698 675 qui

231 681 426 722 videret:
459 683 532 720 cui
563 683 697 720 etiam
728 680 782 720 ad
811 688 855 721 te
885 683 1040 720 literas
1070 679 1185 720 dedi.
1243 680 1485 733 Epistulam
1515 677 1570 718 ad
1593 677 1699 718 Cae-

231 750 373 776 sarem
412 738 494 776 tibi
537 738 650 775 misi.
719 737 857 776 Horti
897 750 1029 789 quam
1068 737 1115 775 in
1158 735 1274 775 diem
1311 735 1555 789 proscripti
1597 734 1698 780 siut,

231 793 369 833 velim
397 791 454 831 ad
482 806 552 831 me
582 792 764 831 scribas.

233 929 385 963 ceronis
427 942 518 963 avus
556 930 711 963 amitam
742 931 780 964 C.
814 929 923 962 Marii
966 930 1124 974 septies,
1176 929 1340 962 consulis
1376 928 1419 961 in
1451 925 1698 961 matrimonio

231 976 424 1012 habuerat.
452 978 537 1013 Vid.
566 979 647 1011 Lib.
681 978 747 1011 ΙΙΙ.
776 978 821 1011 de
849 978 967 1025 Legg.
996 989 1027 1011 c,
1056 980 1113 1012 13.
1143 977 1324 1011 MANUT.
1351 994 1399 1000 -—
1424 988 1493 1022 per
1518 988 1597 1009 eum
1622 974 1699 1008 Ma-

231 1028 338 1057 rium.
379 1025 515 1058 Cicero
551 1026 706 1070 scripsit
744 1025 916 1058 versibus
956 1025 1103 1058 librum
1141 1025 1185 1058 de
1224 1025 1264 1058 C.
1292 1024 1413 1057 Mario
1449 1033 1613 1067 eumque
1639 1022 1698 1054 in-

231 1073 383 1116 scripsit
407 1074 561 1107 Marius.
597 1073 680 1108 Vid.
710 1074 815 1107 Libr.
844 1074 870 1109 I.
906 1073 951 1107 de
979 1074 1096 1121 Legg.
1125 1084 1155 1107 c,
1186 1077 1215 1108 1.
1250 1071 1430 1108 MANUT.
1462 1090 1510 1097 —
1544 1074 1604 1105 avi
1628 1073 1698 1104 sui.

230 1121 378 1164 Nempe
410 1121 647 1166 Herophilus
682 1121 850 1155 finxerat
884 1122 1060 1156 Crassum
1095 1121 1211 1154 illum
1247 1126 1454 1163 oratorem,
1503 1119 1544 1162 Q.
1580 1119 1699 1152 Mucii

229 1167 435 1202 Scaevolae
463 1169 504 1201 in
532 1170 731 1203 consulatu
757 1170 964 1218 collegam,
992 1182 1105 1202 avum
1123 1182 1233 1202 suum
1253 1174 1470 1203 maternum
1488 1179 1576 1202 esse.
1597 1167 1696 1200 SCH.

230 1215 356 1250 Ueber
379 1228 444 1260 per
469 1229 496 1250 s.
524 1216 673 1252 Ramsh.
704 1219 730 1261 §.
760 1220 842 1259 137,
868 1221 902 1254 6.
938 1218 1086 1251 Grotef.
1115 1221 1144 1259 ς.
1172 1221 1254 1253 461.
1274 1236 1320 1242 -—
1344 1222 1385 1250 ut
1410 1229 1445 1250 se
1471 1216 1697 1260 defenderem

230 1268 367 1297 contra
395 1275 470 1307 eos,
498 1265 566 1308 qui
593 1265 782 1312 negabant
808 1266 847 1302 C.
875 1266 987 1299 Marii
1014 1272 1193 1310 nepotem
1221 1278 1309 1300 esse.
1337 1265 1515 1301 MANUT.
1541 1283 1589 1289 —-
1611 1276 1698 1308 pro-

226 1315 362 1358 pinqui
387 1316 471 1347 eius.
500 1313 610 1346 Denn
637 1314 704 1346 der
730 1324 861 1361 grosse
877 1314 1016 1347 Marius
1042 1314 1146 1348 hatte
1174 1314 1234 1347 die
1252 1314 1364 1356 Iulia,
1393 1313 1522 1347 Casars·
1540 1313 1698 1348 Vaters-

230 1359 441 1395 schwester
466 1361 630 1402 (amita),
657 1373 728 1393 zur
754 1363 855 1395 Frau
882 1361 1033 1409 gehabt.
1072 1362 1106 1396 S.
1135 1361 1330 1395 Plutarch.
1364 1361 1417 1394 im
1452 1361 1590 1393 Marius
1617 1358 1697 1393 und

230 1407 366 1441 Caesar
392 1409 501 1441 nebst
527 1409 671 1442 Sueton
698 1409 738 1441 in
767 1410 839 1444 lul.
867 1421 898 1442 c.
926 1412 958 1445 6.
994 1411 1060 1444 Als
1089 1409 1227 1444 iedoch
1245 1410 1314 1443 der
1328 1408 1555 1457 angebliche
1573 1408 1698 1442 Onkel

229 1455 344 1489 C'a'sar
372 1457 473 1489 nach
506 1457 635 1490 seiner
659 1458 935 1491 Zuriickkunft
968 1470 1033 1492 aus
1068 1457 1237 1503 Spanien
1270 1458 1331 1491 bei
1365 1457 1531 1491 naherer
1557 1457 1698 1491 Unter-

230 1503 407 1552 suchung
443 1504 545 1545 fand,
593 1505 655 1538 das
694 1505 764 1538 der
796 1506 1018 1540 Pserdearzt
1050 1506 1373 1540 Pseudo-Marius
1411 1505 1476 1539 ein
1508 1505 1699 1552 Betriiger

230 1564 324 1594 war,
359 1553 569 1586 verbannte
606 1564 649 1586 er
681 1553 751 1585 ihu
786 1556 853 1587 auf
884 1555 1023 1588 immer
1054 1566 1117 1587 aus
1154 1555 1304 1589 Italien.
1340 1574 1388 1580 -—-
1417 1553 1508 1598 fore
1533 1558 1699 1597 tempus,

230 1613 339 1645 quum
363 1611 412 1633 z
437 1612 511 1645 quo
540 1605 610 1635 cet.
662 1601 763 1636 WVer
788 1601 891 1636 h'zitte
918 1603 954 1636 ie
981 1602 1158 1650 gedacht,
1186 1603 1267 1636 dass
1296 1603 1383 1636 eine
1406 1602 1492 1636 Zeit
1514 1601 1699 1635 kommen

229 1648 370 1690 werde,
397 1660 457 1682 wo
485 1660 596 1697 sog-ar
622 1649 685 1682 ein
711 1660 750 1682 so
778 1651 1081 1684 vex-dienstloser
1107 1651 1263 1684 Mensch
1290 1651 1365 1685 wie
1393 1651 1431 1686 C.
1453 1649 1606 1684 Curtius
1632 1650 1698 1681 Po-

229 1700 375 1729 stumus
402 1696 483 1729 sich
510 1697 709 1731 bedenken
737 1697 805 1730 od.
834 1699 907 1731 mit
934 1699 1019 1732 dem
1046 1698 1260 1732 Gedauken
1287 1703 1436 1746 tragen,
1465 1697 1602 1731 darauf
1617 1697 1696 1730 sin-

230 1756 305 1778 nen
330 1744 479 1785 wiirde,
520 1744 566 1778 ob
593 1756 635 1778 er
668 1744 777 1777 nicht
814 1746 875 1779 das
903 1746 1087 1780 Consulat
1123 1747 1334 1794 verlangen
1364 1747 1495 1780 wolle.
1540 1744 1696 1778 Curtius

228 1795 440 1833 Postumus,
469 1803 585 1836 quem
618 1793 693 1825 iam
731 1794 825 1826 olim
855 1794 992 1828 Cicero
1027 1794 1238 1840 dibaphum
1275 1795 1446 1843 cogitare
1472 1794 1497 1826 i.
1526 1804 1546 1826 e
1572 1804 1696 1826 sacer-

230 1840 377 1874 dotium
412 1846 545 1884 petere
579 1840 804 1887 indignatus
840 1847 920 1875 erat
956 1854 1014 1886 ep.
1041 1844 1121 1878 372.
1172 1844 1283 1876 Hunc
1309 1843 1457 1876 Atticus
1491 1841 1698 1886 scripserat

230 1888 418 1928 dubitare,
447 1901 495 1921 an
521 1889 765 1922 consulatum
792 1895 908 1933 petat.
961 1890 1006 1923 Id
1043 1902 1135 1924 vero
1163 1891 1298 1925 Cicero
1332 1890 1536 1924 ferendum
1570 1894 1696 1937 negat,

230 1936 343 1969 huius
370 1936 518 1969 farinae
545 1935 741 1970 hominem
782 1938 827 1971 de
855 1939 1053 1971 consulatu
1079 1939 1244 1984 petendo
1272 1939 1454 1986 cogitare.
1492 1938 1591 1971 SCH.
1641 1937 1697 1969 Er

227 1995 308 2018 war
335 1983 434 2017 doch
466 1984 564 2031 klug
597 1996 728 2032 genug
763 1998 952 2031 gewesen,
989 1987 1114 2019 durch
1147 1988 1251 2020 seine
1278 1985 1613 2034 Auh‘zinglichkeit
1647 1997 1695 2017 an

228 2033 342 2067 C‘aisar
367 2032 452 2065 sein
479 2032 608 2065 Gliick
633 2045 682 2064 zu
710 2033 884 2067 machon.
936 2034 1063 2069 Ueber
1092 2035 1166 2068 den
1192 2035 1337 2068 Infinit.
1366 2035 1434 2069 der
1461 2032 1698 2068 Verwunde-

228 2091 331 2127 rung·
356 2092 382 2113 s.
410 2079 558 2112 Ramsh.
587 2081 614 2123 ζ).
644 2082 724 2121 168,
752 2084 783 2116 6.
822 2081 968 2118 Grotef.
996 2084 1104 2126 §.311
1132 2083 1242 2118 Anm.
1262 2084 1547 2117 —consulatum
1564 2086 1694 2126 petere.

228 2128 279 2161 Es
314 2138 395 2162 war
432 2127 552 2161 sehon
589 2128 651 2161 die
678 2129 779 2162 Rede
807 2129 944 2168 davon,
979 2130 1059 2164 dass
1087 2130 1200 2164 C‘asar
1234 2132 1298 2164 fiir
1334 2131 1394 2165 die
1428 2130 1513 2164 drei
1550 2130 1695 2163 letzten

228 2175 408 2209 Monathe
445 2175 564 2209 dieses
591 2175 699 2209 Iahrs
727 2176 900 2210 Consuln
935 2191 983 2211 an
1018 2179 1144 2213 seiner
1176 2178 1274 2213 Statt
1309 2190 1509 2213 ernennen
1540 2176 1696 2217 werde5

229 2223 309 2303 {ind
335 2234 372 2257 so
385 2224 496 2304 bging
517 2224 675 2304 lCurtius
702 2225 772 2258 mit
798 2226 885 2260 dem
914 2226 1125 2261 Gedanken
1153 2240 1230 2271 um,
1258 2227 1342 2261 sich
1368 2239 1433 2268 uin
1460 2227 1524 2261 das
1551 2224 1695 2259 Consu-

248 2276 284 2305 at
308 2283 358 2305 zu
411 2282 515 2305 ewer
543 2284 600 2306 en.

324 2344 358 2377 2.
409 2345 485 2376 iam
509 2353 559 2375 =
584 2345 659 2379 alle
679 2345 948 2394 Augenblicke
976 2354 1140 2382 erwarte
1167 2348 1233 2382 ich
1250 2346 1464 2383 Nachricht
1490 2346 1586 2381 iiber
1613 2346 1698 2380 sein

230 2390 424 2424 Befinden.
455 2409 496 2416 -
523 2394 609 2425 misi
635 2393 805 2435 Romam,
836 2398 899 2440 (μα’
920 2405 967 2427 =
989 2401 1030 2429 ut
1060 2409 1146 2430 eum
1175 2399 1323 2439 videret,
1350 2395 1545 2429 besuchen
1571 2394 1695 2428 sollte.

231 2458 273 2464 —
303 2443 406 2484 epist.
426 2440 476 2472 acl
489 2439 677 2474 Caesarem
703 2441 1003 2487 συμβουλευτικήιι
1021 2444 1128 2477 illam
1156 2445 1200 2479 (le
1228 2457 1269 2479 re
1297 2444 1451 2489 publica
1471 2441 1692 2477 ordinanda·

230 2487 324 2521 Vid.
352 2498 437 2533 epp,
463 2489 542 2522 567.
569 2490 649 2523 580.
677 2492 757 2524 581.
792 2491 893 2523 SCH.
921 2509 963 2517 -
995 2492 1095 2526 hor-ti
1120 2491 1341 2538 Scapulani,
1378 2502 1542 2536 quorum
1568 2490 1695 2523 auctio

231 2535 358 2569 futura
386 2541 475 2570 erat.
500 2536 677 2571 MANUT.
704 2556 749 2562 -—
772 2542 972 2584 proscript.
997 2544 1084 2584 sint,
1110 2543 1178 2576 auf
1199 2540 1378 2578 wel-chen.
1402 2539 1485 2587 Tag
1511 2538 1579 2573 der
1598 2538 1696 2576 Ver-

232 2582 327 2616 kauf
350 2583 418 2617 der
445 2583 589 2620 Gai-ten
615 2590 811 2633 angesetzt
838 2587 903 2621 sei.
