1795 3081
336 102 650 154 EPISTOLA
686 101 980 154 DCXLVII.
1014 104 1333 157 DCXLVIII.
1481 109 1573 155 431

113 227 336 278 captivum
373 225 420 264 in
448 222 685 276 triumpho.
757 222 975 263 Dalmatis
1010 224 1073 264 dii
1113 227 1228 267 male
1265 227 1454 277 faciant,
1502 227 1578 278 qui

112 281 196 320 tibi
225 280 401 319 molesti
429 281 549 317 sunt!
597 276 698 327 Sed,
739 283 789 316 ut
816 277 989 329 scribis,
1033 281 1160 320 brevi
1190 283 1421 334 capientur
1450 286 1494 320 et
1523 281 1578 319 il-

111 335 363 430 }nstrabunt
393 347 461 375 res
492 340 588 373 tuas
617 338 785 388 gesta83
828 345 1001 387 semper
1040 337 1156 376 enirn
1187 337 1327 378 habiti
1355 342 1456 376 sunt
1486 337 1576 376 bel-

133 403 255 430 lcosl.
462 399 475 409 ⁴

211 573 532 626 EPISTOLA
568 573 891 624 DCXLVIII.
955 574 1036 634 (ad
1071 575 1185 624 Div.
1221 576 1332 627 VII.
1368 577 1469 636 29.)

276 663 358 699 Ser.
386 662 507 698 Patris
533 662 602 698 IV.
630 663 714 697 Kal.
739 664 837 698 NOV.
863 663 909 697 A.
934 663 979 698 U.
1003 663 1043 697 C.
1071 666 1152 700 709.
1190 664 1238 707 (a.
1265 664 1306 700 C.
1332 666 1412 710 45.)

113 736 251 773 Curius
276 734 406 771 laudat
431 734 632 769 Ciceronis
671 744 761 783 erga
794 746 832 769 se
867 733 1067 773 beneficia,
1104 736 1290 780 petitque,
1328 741 1371 770 ut
1403 747 1442 771 se
1467 735 1574 771 Serv.

434 781 603 828 Sulpicii
627 782 836 817 successori
861 783 1114 817 commendet.
1151 785 1256 820 1—2.

376 854 559 889 CURIUS
592 855 641 891 M.
680 852 913 889 CICERONI
946 852 1037 888 SUO
1064 853 1100 887 S.
1133 852 1170 889 S.
1197 854 1246 890 V.
1273 854 1315 889 B.

223 925 331 967 Sum
369 927 487 966 enim
525 921 680 981 χρήσει
707 923 788 977 μὲν
824 931 940 976 tuus,
980 919 1132 979 κτήσει
1161 923 1210 967 δὲ
1238 925 1378 966 Attici
1408 929 1577 967 nostri:

115 995 222 1038 ergo
252 984 423 1022 fructus
455 987 518 1021 est
547 988 663 1031 tuus,
703 982 973 1033 mancipium
1003 981 1146 1019 illius:
1192 981 1310 1033 quod
1339 983 1512 1035 quidem
1543 985 1580 1022 si

114 1040 233 1078 inter
272 1051 394 1077 senes
434 1036 774 1090 coemptionales
803 1036 1135 1089 proscripserit,
1181 1038 1323 1091 egerit
1351 1051 1438 1076 non
1468 1039 1580 1076 mul-

114 1160 203 1197 Sch.
229 1162 325 1195 Liin.
354 1172 399 1195 ex
425 1159 607 1204 interpol.
647 1161 720 1195 ΟΒ.
761 1177 808 1185 -
840 1162 1030 1194 Dalmatis
1055 1161 1110 1193 dii
1133 1161 1228 1194 male
1244 1159 1410 1205 saciant,
1449 1165 1512 1207 qui
1536 1173 1582 1195 Ξ

116 1209 220 1255 quod
244 1209 284 1248 ii,
328 1208 403 1241 den
428 1208 652 1241 Dalmatern
680 1207 820 1255 m'ogen
847 1219 884 1242 es
911 1208 974 1242 die
1001 1207 1138 1241 G'dtter
1163 1209 1378 1257 vergelten,
1420 1209 1500 1243 dass
1525 1210 1580 1244 aie

116 1270 154 1292 u.
181 1270 208 1291 5.
234 1269 283 1292 w.
326 1255 453 1290 Ueber
485 1256 560 1289 den
592 1255 713 1289 Indic.
748 1260 833 1290 sunt
867 1268 894 1289 s.
921 1254 1070 1289 Ramsh.
1099 1259 1130 1298 §.
1159 1258 1240 1298 194,
1265 1259 1301 1296 2,
1333 1258 1419 1290 Not,
1455 1276 1502 1283 —
1537 1260 1583 1291 il-

117 1305 342 1345 lustrabunt,
367 1302 527 1337 werden
554 1303 869 1337 verherrlichen.
904 1303 997 1352 vgl.
1026 1315 1083 1349 ep.
1110 1306 1191 1340 649.
1221 1322 1263 1329 ·-
1293 1306 1463 1339 bellicosi.
1490 1306 1585 1339 Dar-

117 1365 182 1387 um
238 1352 353 1399 ingen
379 1351 441 1384 die
468 1351 610 1385 Ro'mer
634 1362 732 1398 gern
758 1351 891 1393 (labin,
923 1363 989 1385 um
1016 1350 1100 1386 sich
1126 1351 1188 1386 die
1214 1351 1322 1387 Ehre
1350 1352 1455 1387 eines
1481 1353 1584 1387 klei-

117 1413 194 1436 ncn
255 1398 431 1445 riumphs
456 1411 505 1432 zu
533 1398 743 1433 erwerben.

217 1471 401 1507 CURIUS.
453 1469 489 1505 S.
522 1482 570 1503 zu
598 1481 656 1514 ep.
685 1468 951 1505 CCCCLXXII
976 1469 1033 1504 im
1059 1470 1250 1518 Anfange,
1290 1470 1583 1507 CCLXXXVIII.

118 1520 255 1555 CCXC.
294 1518 467 1554 CCXCII.
504 1517 701 1552 CCXCIII.
742 1517 1007 1554 CCCXXVIII.
1043 1516 1268 1553 CCCXXIX.
1310 1537 1354 1544 -—
1395 1521 1430 1553 S.
1467 1521 1505 1555 V.
1542 1523 1583 1555 B.

118 1569 184 1603 Sic
208 1567 281 1602 Md.
308 1566 411 1601 vict.
439 1568 470 1600 1.
496 1567 531 1601 2.
569 1567 612 1600 B.
651 1565 734 1599 scil.
760 1576 832 1611 pro
857 1567 998 1608 Benest,
1024 1571 1067 1599 ut
1091 1566 1186 1599 alibi
1214 1567 1245 1600 is
1273 1571 1309 1601 et
1334 1566 1430 1601 Vict.
1458 1570 1491 1603 2.
1518 1568 1587 1602 ha-

118 1617 219 1651 bent.
256 1615 320 1649 Sic
346 1613 483 1647 melius
510 1617 668 1658 apparet
693 1616 789 1648 enim
813 1613 956 1648 referri
981 1614 1030 1648 ad
1062 1623 1098 1648 V.
1140 1615 1247 1649 SUO.
1279 1625 1352 1649 nec
1378 1613 1585 1660 quidquam

120 1663 358 1698 mutandum.
392 1662 586 1700 ORELLI.

214 1737 248 1770 1.
299 1731 468 1779 χρήσει
497 1736 577 1779 μὲν
610 1737 695 1766 tuus
721 1736 807 1775 cet„
846 1730 947 1766 denn
973 1731 1039 1767 ich
1063 1731 1132 1766 bin
1157 1744 1238 1766 nun
1265 1732 1405 1766 einmal
1430 1732 1472 1766 in
1499 1733 1589 1767 Dei-

120 1794 208 1818 nem
234 1780 534 1823 Niessbrauche3
573 1779 671 1814 doch
696 1779 816 1814 bleibt
840 1780 998 1815 Attikus
1023 1781 1129 1815 mein
1156 1780 1399 1815 Grundherr.
1446 1781 1524 1815 Usu
1552 1786 1588 1815 et

120 1833 252 1864 fructu
276 1835 375 1866 tuus,
402 1828 542 1872 inquit,
569 1839 678 1870 sum3
715 1828 951 1873 possessione
986 1834 1113 1862 autem
1148 1841 1174 1862 s.
1203 1828 1397 1873 mancipio
1426 1833 1463 1862 et
1487 1841 1588 1862 nexu

120 1878 251 1912 Attici.
285 1877 387 1910 SCH.
433 1875 589 1909 Attikus
622 1885 707 1910 war
739 1875 808 1909 der
842 1876 963 1910 ‘altere
997 1876 1154 1911 Freund
1189 1875 1310 1910 dieses
1342 1877 1401 1909 Μ’.
1438 1876 1588 1917 Curius,

121 1926 191 1960 der
217 1930 294 1960 erst
321 1923 445 1958 durch
471 1923 603 1957 dessen
629 1922 895 1971 Empfehlung
920 1924 991 1957 mit
1018 1924 1152 1958 Cicero
1189 1920 1231 1956 in
1259 1922 1322 1957 ein
1346 1922 1588 1958 Verh’ailtniss

121 1973 352 2022 gekornmen
376 1983 471 2013 war,
496 1970 664 2006 welches
691 1970 816 2004 durch
836 1972 1102 2020 gegenseitige
1120 1970 1477 2019 Dienstleistungen
1505 1971 1588 2005 sich

121 2034 170 2055 zu
195 2032 316 2069 enger
331 2019 614 2053 Freundschaft
639 2018 830 2067 steigerte.
866 2019 1003 2054 Curius
1028 2019 1117 2055 will
1143 2018 1222 2052 also
1248 2029 1381 2066 sagen:
1410 2019 1589 2068 obgleich

121 2070 266 2103 ‘alterer
291 2066 448 2101 Freund
474 2078 550 2101 von
576 2066 729 2100 Attikus
755 2067 808 2101 als
834 2066 919 2107 Dir,
945 2066 1030 2101 hab'
1055 2065 1121 2100 ich
1147 2066 1245 2100 doch
1271 2066 1385 2100 mehr
1406 2065 1590 2102 Verkehr

123 2117 198 2150 mit
222 2116 296 2151 Dir
321 2115 375 2148 als
401 2115 474 2147 mit
500 2115 638 2149 ienem.
660 2134 708 2139 —
734 2117 987 2160 erge..illius,
1015 2114 1135 2149 daher
1159 2114 1221 2148 die
1245 2110 1414 2149 Friichte
1442 2114 1588 2157 Dein,

123 2164 232 2199 sein
270 2163 338 2197 der
371 2162 614 2210 Leibcigene.
653 2183 696 2188 —
736 2164 833 2209 quod
861 2162 1251 2207 mancipium...non
1284 2164 1454 2203 multum,
1493 2162 1589 2202 „mit

124 2213 211 2246 dem
239 2222 281 2245 er
306 2209 457 2252 iedoch,
482 2222 597 2245 wenn
625 2221 667 2244 er
693 2210 764 2244 ihu
789 2216 907 2244 unter
933 2211 1079 2244 andern
1112 2208 1216 2243 alten
1242 2209 1589 2257 Ausschusslingen

122 2273 171 2294 zu
195 2259 347 2293 Markte
373 2258 538 2306 bringen
564 2258 714 2300 wollte‚
753 2257 951 2292 schlechte
979 2257 1182 2292 Geschbifte
1218 2258 1380 2292 macheu
1413 2258 1590 2292 wiirde.⁴⁴

124 2309 196 2342 Pex-
220 2307 347 2341 iocum
375 2306 512 2340 Curius
539 2317 577 2340 se
604 2306 728 2351 ipsum
764 2307 897 2339 abiicit
931 2311 968 2340 et
1004 2310 1195 2339 extenuat.
1258 2305 1378 2348 Quum
1415 2305 1518 2339 enim
1553 2315 1589 2339 se

125 2355 245 2390 Attici
270 2357 497 2399 mancipium
534 2353 702 2393 dixisset,
737 2354 790 2387 ait
814 2352 986 2388 Atticum
1022 2364 1100 2387 non
1133 2352 1300 2386 multum
1332 2350 1590 2394 lucraturum,

126 2404 158 2437 si
185 2402 286 2436 illud
310 2402 545 2447 mancipium
581 2401 688 2435 inter
718 2413 825 2436 senes
853 2401 1153 2446 coemptionales
1178 2401 1459 2445 proscripserit.
1488 2401 1588 2434 SC'H.

125 2463 224 2486 senes
251 2452 532 2496 coie‘mptz'onales
556 2460 688 2484 waren
715 2448 791 2483 alle
817 2448 1002 2490 Sklaven,
1031 2448 1091 2482 die
1117 2460 1206 2481 man
1232 2449 1286 2481 als
1311 2447 1520 2481 Ausschuss
1548 2448 1590 2481 in

127 2498 274 2532 Bausch
301 2497 380 2530 und
405 2498 535 2545 Bogen
560 2497 782 2538 verkaufte‚
816 2497 910 2531 oder
933 2497 1035 2531 Wer
1061 2496 1173 2530 einen
1198 2493 1307 2530 wohl
1333 2494 1590 2529 conditionir-

127 2552 192 2581 ten
218 2546 389 2580 Sklaven
415 2544 579 2587 erstand‚
613 2549 753 2578 musste
779 2544 890 2578 sich’s
916 2543 1084 2592 gefallen
1110 2544 1246 2585 lassen‚
1285 2542 1365 2576 dass
1391 2553 1479 2575 man
1506 2542 1589 2575 ihm

129 2595 246 2629 einen
272 2593 432 2628 solehen
450 2593 561 2626 Alten
586 2593 650 2625 fuir
676 2593 740 2625 ein
758 2592 947 2639 Weniges
975 2591 1016 2626 in
1042 2591 1114 2625 den
1132 2592 1232 2625 Kauf
1254 2589 1335 2637 gab.
1374 2589 1590 2634 Coe‘mptio-

130 2642 229 2675 nalis
256 2642 304 2675 ist
337 2641 416 2675 also
449 2639 519 2674 der
544 2640 677 2679 Sklav‚
717 2638 791 2674 den
824 2651 913 2674 man
943 2639 1015 2673 mit
1050 2638 1214 2673 mehren
1246 2648 1466 2670 zusammen
1503 2648 1590 2670 ver-

130 2690 252 2731 kaust,
280 2689 369 2722 aber
395 2687 505 2722 nicht
541 2687 697 2722 einzeln
731 2687 943 2721 verkausen
974 2687 1100 2728 kann3
1135 2684 1301 2733 folglich
1327 2695 1374 2715 --.·
1399 2683 1587 2718 schlecht.

129 2737 165 2772 S.
191 2738 309 2771 Plaut.
338 2735 478 2772 Bacch.
506 2736 569 2776 lv,
595 2739 631 2778 9,
656 2736 704 2771 52
729 2748 765 2772 u.
793 2736 965 2770 Gronov.
989 2745 1039 2769 zu
1064 2735 1098 2770 d.
1124 2733 1177 2768 St.
1217 2732 1343 2768 Ueber
1365 2735 1589 2778 proscripse-

179 2808 395 2843 cicffiriefe
409 2806 613 2841 wssmerb.
642 2807 709 2840 111.
1260 2795 1315 2835 23
