1795 3081
512 91 828 140 EPISTOLA
870 93 1096 144 CCCCL.
1471 103 1533 150 99

71 214 186 252 illins
218 212 468 253 familiares,
507 211 714 252 Incidunt
743 218 888 253 autem
917 215 962 253 in
996 230 1195 258 sermone
1223 221 1349 259 vario
1380 222 1531 270 multa,

70 282 182 321 quae
206 271 383 307 sortasse
409 269 499 307 illis
524 282 660 321 quum
690 267 785 307 dixi
803 282 881 308 nec
904 270 1117 311 illiterata
1145 287 1224 313 nec
1251 276 1414 314 insulsa
1439 290 1531 317 esse

68 324 316 363 videantur.
352 322 474 363 Haec
503 324 558 362 ad
587 324 712 361 illum
744 337 847 363 cum
877 325 1061 378 reliquis
1090 330 1196 367 actis
1229 331 1529 382 perferuntur.

68 379 133 417 Ila
164 381 279 417 enim
308 380 400 431 ipse
429 377 663 417 mandavit.
722 376 795 417 Sic
823 379 892 425 fit,
925 387 987 430 ut,
1018 382 1055 419 si
1086 383 1194 434 quid
1223 391 1447 437 praeterea
1478 386 1530 426 de

69 448 137 472 me
169 433 336 482 audiat,
381 446 467 472 non
496 431 762 472 audiendum
793 440 929 486 putet.
988 435 1278 488 Quamobrem
1312 440 1528 481 Oenomao

67 495 142 527 tuo
182 489 291 527 nihil
330 493 453 527 utor:
501 489 582 528 etsi
622 490 809 540 posuisti
850 490 942 529 loeo
980 503 1131 530 versus
1160 493 1385 534 Accianos.
1443 495 1569 539 Sed5

69 557 178 596 quae
201 550 265 582 est
281 542 478 582 invidia?
506 549 582 582 aut
612 543 717 596 quid
745 542 851 582 mihi
881 558 995 583 nunc
1026 546 1216 585 invideri
1242 549 1409 601 polest?
1439 551 1528 590 Ve-

70 612 165 636 rum
204 601 270 637 fac
309 611 401 637 esse
431 600 590 637 omnia.
649 596 722 638 Sic
750 598 877 639 video
908 598 1181 653 philosophis
1212 604 1426 655 placuisse
1457 608 1528 656 iis,

67 656 140 706 qui
173 653 278 691 mihi
308 652 388 692 soli
418 652 632 693 videntur
659 656 753 693 vim
782 655 962 694 virtutis
992 661 1165 706 tenere,
1205 658 1310 697 nihil
1344 674 1434 699 esse
1464 675 1529 701 sa-

7 715 9 740 !
66 709 225 761 pientis
255 714 478 761 praestare
508 709 593 746 nisi
623 709 822 762 culpam3
854 723 938 762 qua
967 711 1077 748 mihi
1106 711 1262 751 videor
1292 712 1530 768 dupliciter

67 776 240 811 carere,
271 769 314 802 et
344 762 460 816 quod
492 777 540 802 ea
569 766 803 810 senserim,
837 778 946 817 quac
978 768 1222 806 rectissima
1252 769 1457 819 fuerunt,
1488 775 1530 809 et

7 828 10 836 ·
67 820 191 870 quia,
235 832 370 871 quum
410 817 609 858 viderem
639 818 851 872 praesidii
882 833 967 859 non
999 822 1102 860 satis
1134 835 1225 861 esse
1255 822 1309 861 ad
1340 837 1388 863 ea
1418 825 1529 863 obti-

10 872 11 899 5
65 873 218 919 nenda,
249 874 422 913 viribus
453 873 708 913 certandum
740 887 840 913 cum
869 876 1187 916 valentioribus
1208 891 1291 917 non
1320 881 1526 932 putarim.

66 928 178 981 Ergo
207 929 253 967 in
283 929 430 968 officio
461 929 560 968 boni
598 929 707 968 civis
739 937 860 968 certe
889 942 972 968 non
1004 944 1099 969 sum
1130 931 1526 985 reprehendendus.

64 982 293 1036 Reliquum
325 989 407 1030 est,
454 998 510 1023 ne
541 985 645 1035 quid
675 985 820 1031 stulte,
869 999 923 1023 ne
956 985 1060 1039 quid
1090 992 1254 1026 temere
1284 985 1423 1027 dicam
1453 994 1528 1030 aut

65 1040 222 1078 faciam
266 1044 418 1078 contra
458 1044 675 1092 potentes:
724 1037 769 1076 id
811 1052 984 1093 quoque
1024 1047 1131 1094 puto
1177 1055 1268 1082 esse
1305 1044 1526 1096 sapientis.

11 1112 12 1130 ;
67 1094 221 1132 Cetera
250 1107 381 1144 vero,
424 1091 530 1147 quid
560 1095 745 1147 quisque
773 1108 842 1134 me
872 1093 1029 1134 dixisse
1059 1095 1176 1135 dicat
1204 1103 1280 1138 aut
1310 1098 1526 1151 quomodo

10 1184 12 1190 ,
66 1150 140 1188 ille
174 1150 361 1202 accipiat
390 1155 464 1188 aut
493 1162 577 1202 qua
606 1147 691 1188 fide
720 1161 889 1189 mecum
919 1152 1072 1190 vivant
1090 1152 1135 1197 ii,
1167 1153 1242 1205 qui
1265 1166 1331 1192 me
1356 1153 1528 1194 assidue

9 1207 13 1246 ἴ·
64 1205 209 1242 colunt
239 1210 282 1243 et
309 1204 560 1249 observant,
591 1211 814 1257 praestare
844 1218 928 1243 non
958 1219 1148 1259 possum.
1207 1207 1272 1245 Ita
1302 1208 1370 1258 fit,
1402 1215 1452 1247 ut
1485 1214 1568 1257 ete

11 1277 13 1286 ι
63 1260 345 1298 consiliorum
376 1261 659 1313 superiorum
701 1260 970 1299 conscientia
1010 1267 1052 1299 et
1087 1264 1329 1314 praesentis
1361 1269 1528 1317 tempo-

12 1315 13 1319 ’
65 1315 124 1353 ris
155 1312 454 1354 moderatione
483 1326 551 1352 me
581 1315 800 1354 consoler:
831 1322 873 1353 et
904 1315 1024 1353 illam
1041 1316 1164 1354 Accii
1195 1318 1527 1358 similitudinem

12 1386 13 1392 1
66 1383 148 1407 non
183 1368 308 1407 inodo
340 1371 426 1407 iam
456 1368 510 1407 ad
539 1367 772 1414 invidiam,
806 1369 880 1408 sed
908 1369 962 1408 ad
993 1373 1212 1409 fortunam
1243 1374 1525 1412 transferam:

11 1422 13 1471 ἶ
65 1437 193 1477 quam
232 1425 431 1462 existimo
470 1424 609 1463 levem
652 1428 693 1462 et
729 1424 1002 1463 imbecillam
1044 1426 1096 1464 ab
1135 1426 1278 1464 animo
1316 1426 1445 1466 firmo
1486 1434 1529 1467 et

48 1500 1525 1517 Q

14 1527 15 1566 l
62 1540 289 1571 collectanea.
310 1536 409 1569 SGH.
422 1554 464 1560 —
480 1548 588 1579 quum
599 1537 687 1576 dixi,
701 1547 739 1569 so
751 1537 827 1569 wie
843 1537 947 1570 lnir’s
963 1538 1131 1570 entf'zillt.
1144 1556 1191 1561 -—-
1204 1540 1399 1579 illiterata,
1412 1539 1525 1584 plait,

64 1586 401 1633 greinei11.—act1's.
428 1584 478 1616 Et
494 1584 647 1626 publica
663 1590 698 1616 et
710 1584 864 1627 privata
883 1591 993 1617 erant
1013 1592 1114 1618 acta:
1134 1585 1302 1629 publica,
1330 1593 1372 1621 ut
1387 1587 1526 1626 edicta,

13 1654 15 1670 2
63 1627 214 1667 'senalus
236 1632 420 1670 consulta,
448 1631 574 1674 leges3
603 1631 768 1674 privata,
796 1631 985 1674 quidquid
1002 1633 1201 1677 privatum
1223 1640 1413 1680 ageretur.
1439 1634 1524 1670 vid.

12 1710 15 1721 ,,
63 1680 234 1724 Philipp.
262 1680 309 1713 ΙΙ.
337 1689 368 1714 c.
395 1681 452 1713 42.
480 1678 665 1712 MANUT.
692 1678 752 1712 Ex
778 1678 852 1711 hoc
877 1679 963 1713 loco
990 1679 1236 1727 intelligitur
1261 1680 1361 1715 hanc
1384 1682 1526 1726 episto-

14 1768 16 1770 ·
61 1730 136 1761 laun
159 1729 342 1772 scriptam
362 1738 452 1766 esse,
481 1737 599 1769 quum
613 1726 750 1759 Caesar
767 1725 939 1760 nondum
960 1739 1008 1760 ex
1023 1727 1327 1762 AfricaRomam
1351 1730 1524 1766 redisset.

62 1777 158 1810 SCH.
179 1781 260 1808 acta
275 1785 322 1806 --
335 1776 565 1820 Zeitungen.
578 1779 836 1819 —praeterecc,
855 1785 984 1807 ausser
1002 1774 1215 1811 diesem.—
1227 1789 1298 1810 non
1311 1778 1392 1811 ancl.
1405 1783 1523 1822 putet,

15 1817 17 1828 ³
63 1822 574 1857 keinm·Aufmerksamkeit
599 1822 782 1868 wiirdigt.
801 1839 839 1847 -
862 1822 1042 1856 Oenomao
1068 1828 1140 1857 tuo.
1176 1823 1254 1856 Der
1271 1824 1348 1857 alte
1361 1825 1525 1859 Dichter

62 1873 200 1904 Accius
223 1871 327 1903 hatte
356 1871 417 1903 das
446 1869 698 1902 Griechische
723 1869 1062 1903 Volksm‘a'hrchen
1089 1881 1164 1904 von
1185 1869 1271 1904 dem
1297 1871 1523 1908 Schicksale

63 1921 126 1952 des
152 1920 373 1957 Oenomaus,
388 1918 531 1963 Kb'nigs
552 1930 598 1949 zu
614 1918 693 1949 Pisa
713 1917 793 1949 und
813 1918 949 1951 Vaters
971 1918 1038 1951 der
1061 1918 1230 1951 sch'onen
1248 1919 1522 1964 Hippodamia,

17 2002 18 2005 Ἴ
64 1980 150 2000 zum
169 1966 271 1998 Stoff
288 1966 397 1998 einer
408 1960 600 2011 Tragodie
618 1975 850 2011 genommen
871 1968 913 2005 (s.
926 1966 1058 1999 Festus
1081 1977 1117 2002 u.
1138 1966 1320 2008 Nonius),
1342 1979 1407 2000 aus
1428 1969 1523 2001 wel-

16 2010 19 2039 ἶ
63 2015 158 2048 cher
169 2014 290 2047 Varro
308 2014 349 2045 in
364 2013 508 2046 seinem
521 2013 650 2045 Briefe
667 2013 778 2045 einen
794 2013 888 2045 oder
902 2013 1003 2046 zwei
1016 2013 1136 2047 Verse
1152 2025 1278 2061 anzog·
1291 2015 1369 2048 und
1384 2016 1521 2050 aufoi-

17 2065 19 2071 ⁴
63 2073 150 2095 cero
179 2064 219 2093 in
243 2062 371 2094 einem
392 2059 632 2094 warnenden
647 2061 752 2093 Tone
778 2061 997 2095 anwandte.
1014 2062 1170 2094 —m'hz‘l
1192 2067 1283 2096 utor.
1311 2063 1453 2097 Versus
1476 2075 1522 2096 ex

14 2126 15 2130 ¹
60 2110 252 2143 Oenomao
278 2121 297 2140 a
323 2108 474 2152 Papirio
511 2108 669 2141 excitati
700 2108 897 2141 vitandam
926 2120 1003 2141 esse
1036 2108 1223 2142 invidiam
1253 2109 1520 2146 admonebant.

18 2160 19 2166 ¹
57 2156 244 2191 MANUT.
270 2174 314 2180 —
336 2159 498 2202 posuisti
521 2158 616 2195 loco,
644 2162 875 2200 opportune,
902 2155 1111 2202 gliicklich
1136 2156 1376 2204 angebracht
1400 2157 1496 2192 hast.

157 2209 191 2241 5.
235 2206 307 2250 sac
329 2216 378 2238 Ξ·-
404 2212 561 2253 gesetzt,
590 2217 626 2239 es
652 2207 757 2240 w'a're
776 2206 881 2239 Alles
908 2205 1094 2239 wirklich
1123 2207 1273 2240 anders.
1294 2225 1342 2230 —
1360 2210 1418 2247 iis,
1445 2208 1519 2241 Md.

60 2256 126 2289 his.
152 2274 198 2279 —
223 2258 295 2287 vim
321 2257 403 2287 virt.
432 2259 569 2294 tenere,
597 2253 659 2286 das
683 2253 830 2286 VVesen
859 2253 927 2286 der
952 2253 1114 2300 Tugend
1139 2253 1290 2301 richtig
1314 2256 1522 2300 aufgefasst

61 2316 109 2336 zu
135 2302 271 2336 haben.
304 2321 350 2327 —
379 2307 515 2347 praest.
542 2304 615 2334 nisi
639 2303 754 2339 ruff»,
797 2301 861 2334 ein
888 2301 1044 2335 eriser
1078 2300 1248 2335 brauche
1281 2303 1346 2335 fiir
1379 2301 1522 2336 Nichts

18 2377 21 2383 ,
65 2364 113 2383 zu
140 2350 286 2391 hasten,
313 2349 366 2382 als
394 2349 473 2382 dass
500 2349 584 2382 ihm
611 2349 728 2382 keine
748 2348 895 2381 Schuld
922 2360 992 2381 zur
1005 2349 1092 2381 Last
1117 2348 1233 2396 liege.
1261 2369 1304 2375 --
1330 2349 1428 2393 dapl.
1457 2361 1520 2383 aus

63 2399 285 2442 doppeltem
302 2396 438 2430 Grund
463 2398 540 2430 frei
566 2409 613 2430 zu
641 2397 734 2430 sein.
761 2414 805 2420 —
829 2396 1019 2440 praesidii,
1046 2396 1186 2436 Mittel,
1212 2396 1349 2430 Macht.
1377 2415 1424 2421 —
1450 2409 1521 2430 cer·-

54 2447 214 2479 ‘tandum
228 2471 234 2479 .
249 2470 256 2477 .
271 2457 354 2487 non,
382 2456 471 2478 man
491 2447 614 2478 miisse
632 2444 715 2477 sich
736 2469 744 2477 .
759 2469 766 2476 .
782 2471 790 2478 .
810 2444 853 2476 in
870 2443 1017 2477 keinen
1030 2443 1194 2488 Kampf.
1212 2470 1219 2477 .
1236 2470 1243 2477 .
1261 2445 1461 2478 einlassen.
1474 2461 1520 2472 --

63 2497 100 2527 in
127 2493 250 2537 officio
275 2493 305 2527 b.
331 2504 372 2532 c.,
400 2493 441 2525 in
467 2492 577 2533 Dem,
605 2492 646 2524 in
674 2491 848 2525 hinsicht
878 2492 1029 2531 Dessen‚
1055 2503 1132 2524 was
1157 2492 1219 2525 die
1248 2492 1387 2526 Pflicht
1413 2492 1520 2526 einen

64 2542 362 2588 gutenBl‘lrgers
387 2539 448 2573 ist.
474 2559 521 2565 —-
545 2545 688 2579 temere,
714 2539 976 2573 unbesonnen.
997 2557 1043 2563 ——
1069 2541 1144 2581 ille,
1172 2540 1320 2580 caesar,
1348 2542 1520 2583 accipiat.

156 2592 188 2624 6.
239 2588 300 2622 Ita
316 2588 378 2632 sit,
405 2592 456 2620 ut.
491 2587 526 2621 S.
543 2586 696 2621 Ramsh.
714 2589 745 2627 §.
765 2588 848 2628 20'4,
876 2587 909 2622 5.
936 2605 980 2611 -
1006 2588 1113 2620 illam
1134 2590 1240 2621 Accii
1263 2590 1387 2628 simil.,
1414 2588 1520 2622 ienes

61 2646 150 2669 vom
178 2637 316 2669 Accius
353 2635 551 2669 entlehnte
583 2634 818 2669 Gleichniss.
854 2652 897 2659 —·
931 2647 1002 2668 non
1036 2635 1150 2668 ηιοᾶο.
1202 2636 1299 2668 Ern.
1327 2635 1376 2679 []
1401 2635 1520 2678 modo,

20 2701 24 2727 q
61 2682 149 2717 Sch.
177 2685 271 2719 Liin.
299 2683 373 2717 del.
405 2701 452 2709 -—
485 2681 660 2725 transfer.
695 2681 760 2714 ich
791 2681 950 2715 beziehe
973 2684 1053 2718 auf.
1089 2701 1129 2707 —
1166 2684 1275 2716 levem
1301 2688 1336 2716 et
1360 2685 1520 2717 imbecil-

61 2732 147 2771 lam,
174 2732 235 2771 (da
262 2734 318 2773 es)
345 2743 393 2764 zu
420 2730 544 2765 leicht
567 2730 648 2764 und
673 2729 857 2764 schwach
882 2729 975 2772 (ist).
1011 2749 1057 2754 -
1091 2730 1136 2764 ab
1163 2759 1170 2766 .
1189 2756 1196 2763 .
1215 2758 1224 2767 .
1241 2729 1402 2777 frangi,
1434 2731 1519 2766 sich

1168 2789 1217 2828 7*
