1795 3081
485 65 798 115 EplsTOLA
834 64 1022 115 DXIII.
1060 65 1150 115 DX
1156 67 1239 118 IV.
1459 71 1552 118 205

95 203 169 228 nes
208 188 422 228 Asiaticas
472 184 776 227 commendavi
822 187 905 225 tibi
945 200 1147 239 praesens
1193 189 1241 227 in
1285 188 1424 227 hortis
1466 190 1552 229 tuis

95 258 221 297 quam
254 246 378 297 potui
416 242 772 295 diligentissime:
817 247 950 294 tuque
990 243 1095 280 milii
1137 255 1218 294 pro
1256 249 1329 282 tun
1374 257 1552 282 consue-

95 298 245 338 tudine
284 312 449 351 proque
488 298 572 335 tuis
602 298 647 334 iu
684 309 750 334 me
786 298 1011 348 perpetuis
1054 298 1348 350 maximisque
1391 299 1551 337 officiis

94 356 241 392 onmia
274 360 312 392 tc
344 356 561 391 facturum
591 351 898 389 liberalissime
941 353 1162 403 recepisti.
1221 351 1480 391 Meminisse
1510 359 1552 392 te

93 409 138 446 iil
168 420 316 460 spero:
348 409 435 446 scio
466 407 581 444 enim
610 406 764 444 solere.
823 404 908 444 Sed
938 411 1079 444 tamen
1111 407 1352 446 Caerelliae
1392 421 1552 460 procu-

92 471 259 501 ratores
300 464 569 514 scripserunt
608 466 649 499 te
690 466 871 513 propter
909 459 1254 515 magnitudinem
1298 464 1553 514 provinciae

93 517 503 568 multitudinemque
531 517 808 568 negotiorum
829 517 959 554 etiarn
992 521 1121 567 atque
1157 516 1282 554 etiam
1313 530 1405 556 esse
1435 531 1552 555 com-

92 569 479 610 moncfaciendum.
522 571 623 609 Pelo
654 572 806 624 igitur,
837 576 885 608 ut
915 572 1167 609 memineris
1191 575 1231 608 te
1250 574 1408 620 omnia,
1441 571 1593 623 quae2

93 633 167 665 tua
208 626 312 665 fides
352 632 587 676 pateretur,
638 623 746 663 mihi
790 626 1003 664 cumulate
1051 626 1280 678 recepisse.
1339 626 1551 678 Equidem

92 683 290 719 existimo
320 681 478 719 habere
508 687 550 719 te
580 693 777 732 magnam
807 681 1056 718 facultatem
1093 701 1147 707 —-—
1177 679 1251 718 sed
1279 681 1362 719 hoc
1393 683 1457 718 tui
1488 687 1552 719 est

93 737 264 774 consilii
295 741 338 773 et
369 735 524 774 iudicii
555 755 610 760 —
639 748 691 774 ex
721 748 770 773 eo
802 741 975 773 senatus
1006 735 1215 779 consulto,
1258 735 1375 787 quod
1405 737 1448 772 in
1478 733 1552 773 he-

92 788 214 829 redes
245 790 289 829 C.
320 789 542 828 Vennonii
572 790 736 828 factum
767 796 844 836 est,
878 789 1117 828 Caerelliae
1148 789 1462 828 commodandi.
1502 789 1552 829 Id

91 850 265 884 senatus
310 844 555 883 consultum
597 850 646 882 tu
688 844 1033 896 interpretabere
1082 856 1162 896 pro
1209 850 1280 883 tua
1320 845 1550 897 sapientia.

90 898 191 938 Scio
239 900 357 938 enim
406 901 498 938 eius
550 896 714 938 ordinis
761 899 1061 938 auctoritatem
1112 912 1284 951 semper
1339 898 1456 950 apud
1508 904 1550 938 te

90 956 237 1008 magni
273 954 418 992 fuisse.
501 953 626 1005 Quod
664 954 882 1006 reliquum
922 959 996 998 est,
1042 955 1104 992 sic
1143 956 1277 992 velim
1316 955 1550 1003 existimes,

91 1011 416 1061 quibuscunque
434 1009 561 1047 rebus
587 1007 827 1049 Caerelliae
849 1008 1034 1063 benigne
1058 1010 1230 1059 feceris,
1251 1009 1368 1049 mihi
1391 1014 1431 1048 te
1452 1021 1552 1064 gra-

90 1064 306 1102 tissimum
336 1076 428 1102 esse
459 1064 687 1102 facturum.

284 1175 600 1226 EPISTOLA
638 1177 812 1227 oxlv.
850 1175 932 1237 (ad
960 1141 1082 1226 Bw.
1119 1177 1206 1226 v1.
1249 1177 1352 1236 12.)

400 1265 481 1300 scr.
509 1265 648 1299 Romae
676 1266 716 1300 A.
744 1267 789 1300 U.
816 1267 856 1301 c.
884 1268 962 1302 708.
1002 1266 1053 1305 (a.
1082 1265 1122 1299 C.
1151 1267 1229 1308 46.)

92 1336 317 1369 Gratulatur
342 1336 386 1370 de
412 1337 540 1370 reditu
567 1348 637 1381 per
663 1336 830 1370 Caesaris
857 1337 995 1369 amicos
1023 1336 1240 1380 impetrato,
1279 1335 1442 1379 ideoque
1470 1345 1550 1368 ces-

91 1396 173 1417 sare
200 1385 510 1422 consolationem,
537 1395 576 1417 re
605 1385 789 1417 confecta.
840 1385 932 1418 Esse
957 1390 1085 1417 tamen
1110 1385 1174 1417 vel
1200 1383 1376 1417 restituto
1403 1382 1549 1426 aliquid

90 1432 304 1472 serendum,
333 1432 390 1465 rei
415 1432 591 1476 publicae
620 1432 890 1470 calamitatem,
925 1432 967 1464 in
1001 1443 1075 1475 qua
1106 1432 1259 1464 nullum
1286 1431 1464 1463 solatium
1489 1443 1550 1464 su-

248 1480 369 1524 persit
394 1480 466 1513 nisi
494 1479 595 1523 quod
623 1492 668 1513 ex
694 1479 894 1513 literarum
920 1479 1054 1513 studiis
1081 1480 1263 1523 capiatur.
1291 1480 1398 1513 1—5.

518 1549 692 1585 CICERO
730 1549 874 1584 AMPIO
910 1549 945 1584 S.
985 1549 1124 1584 PLUR.

197 1621 408 1662 Gratulor
447 1623 539 1668 tibi,
588 1625 648 1662 mi
683 1623 831 1674 Balbe,
873 1636 1064 1676 vereque
1093 1623 1300 1677 gratulor
1333 1636 1413 1663 nec
1453 1636 1550 1664 sum

91 1747 249 1791 mogen3
276 1750 437 1788 nomina,
459 1746 595 1787 debita,
622 1746 1056 1794 Schuldforderungen3
1078 1758 1244 1790 possess„
1262 1746 1548 1791 Grundstiicke,

92 1794 423 1839 Landeigenthum
457 1793 499 1826 in
534 1794 602 1827 der
634 1795 800 1827 Provinz
832 1794 957 1827 Asien.
994 1812 1036 1820 -
1068 1806 1241 1838 praesens
1273 1798 1312 1828 in
1334 1795 1431 1828 hort.
1459 1799 1547 1839 tuis,

91 1840 305 1882 miindlich‚
343 1842 396 1875 als
431 1841 493 1874 ich
520 1842 591 1874 Dir
625 1842 778 1875 meinen
805 1841 1152 1875 Abschiedsbesuch
1185 1842 1225 1874 in
1260 1841 1422 1876 Deinem
1449 1843 1548 1877 Gar-

92 1894 157 1922 teu
183 1888 344 1922 machte.
371 1908 417 1913 —
443 1888 590 1933 officiis,
617 1889 964 1936 Dienstfertigkeit.
991 1908 1036 1913 —
1071 1891 1181 1924 solere
1206 1890 1439 1929 meminisse,
1465 1891 1547 1924 dass

92 1937 152 1969 Du
178 1936 427 1983 dergleichen
454 1937 566 1970 nicht
591 1949 638 1970 zu
657 1949 859 1985 vergessen
878 1938 1026 1985 pflegst.
1052 1955 1099 1963 —-
1125 1941 1238 1972 etiam
1253 1943 1361 1984 atque
1375 1941 1548 1973 etiam:

93 1984 233 2018 iterum
262 1985 489 2028 iterumque.

186 2033 218 2065 2.
270 2033 361 2065 mihi
385 2034 512 2065 cumul.
539 2044 664 2077 recep„
698 2032 778 2065 mir
802 2032 1046 2081 vollstla'ndig,
1084 2032 1213 2067 voller
1236 2034 1393 2075 Massen‚
1429 2045 1547 2082 zuge-

93 2084 175 2126 sagt
200 2078 295 2112 hast.
335 2080 462 2114 Ueber
484 2084 633 2114 memini
664 2081 736 2113 mit
762 2081 846 2114 dem
861 2081 1002 2114 Infinit.
1022 2081 1227 2125 perfectis.
1244 2081 1396 2115 Ramsh.
1416 2083 1545 2126 §.1645

93 2127 163 2166 111,
191 2129 223 2160 ³..
250 2147 296 2151 —
327 2129 404 2161 sed.
423 2130 588 2169 ,iudicii,
621 2128 718 2162 doch
752 2128 848 2162 diess
885 2129 1003 2162 bleibt
1027 2129 1188 2162 Deinem
1227 2128 1546 2165 einsichtsvollen

93 2174 272 2208 Urtheile
305 2175 484 2222 g'zinzlich
517 2176 672 2209 anheim
710 2177 877 2223 gestellt.
938 2177 1038 2210 Eine
1075 2176 1306 2220 Hendiadys.
1338 2196 1386 2202 —
1418 2179 1548 2213 habere

92 2226 126 2254 te
151 2234 272 2268 magn.
291 2225 713 2267 fac....commodancli‚
746 2224 769 2257 i.
798 2236 829 2258 e.
858 2236 1035 2272 magnam
1069 2225 1215 2268 copiam
1243 2225 1455 2260 Caerelliae
1481 2238 1548 2260 ne-

94 2270 198 2351 {lotia
225 2271 463 2314 expediendi,
493 2271 572 2304 (lass
599 2273 657 2305 Du
684 2274 866 2318 vermb’ge
901 2272 963 2306 des
1000 2283 1124 2319 gegen
1158 2272 1221 2306 die
1245 2272 1375 2306 Erben
1413 2274 1476 2308 des
1504 2274 1544 2308 C.

136 2319 321 2352 eunonius
349 2319 563 2352 erlassenen
585 2317 937 2353 Senatsbescheides
965 2331 1001 2353 es
1027 2319 1117 2353 sehr
1141 2321 1182 2353 in
1208 2320 1358 2354 Deinen
1384 2321 1547 2355 H'anden

93 2363 197 2405 hast,
223 2365 291 2399 der
316 2366 482 2400 C'airellia
508 2367 682 2400 niitzlich
707 2380 754 2399 zu
780 2367 872 2401 sein.
905 2368 1002 2401 Nam
1027 2369 1071 2401 id
1090 2374 1264 2402 scmztusc.
1291 2373 1332 2401 tu
1357 2371 1546 2413 interpret.

94 2417 165 2447 cet.
217 2411 314 2445 Sunt
340 2419 377 2446 et
402 2414 477 2446 alia
503 2415 675 2459 exempla
710 2415 951 2449 decretorum
990 2421 1137 2450 senatus
1170 2416 1213 2449 iu
1239 2416 1361 2449 causis
1385 2416 1547 2461 provin-

94 2459 250 2493 cialium
286 2460 617 2506 interpositorum,
652 2462 731 2496 sive
772 2463 1057 2510 magistratibus
1090 2463 1170 2498 sive
1202 2464 1375 2508 partibus
1412 2470 1548 2509 peten-

94 2507 206 2547 tibus,
233 2513 273 2540 ut
298 2519 317 2542 e
343 2509 535 2550 Verrinis,
571 2510 740 2555 epistolis
775 2510 821 2543 ad
847 2510 1018 2544 Atticum
1056 2517 1092 2546 et
1119 2517 1191 2546 cet.
1233 2511 1429 2545 discimus.
1463 2513 1548 2545 ER-

92 2555 250 2588 NESTJ.
298 2555 374 2588 Ein
401 2557 487 2590 Fall
521 2558 589 2591 der
612 2558 682 2592 Art
715 2557 817 2592 wird
842 2559 1017 2592 erw'ahnt
1043 2571 1101 2604 ep.
1129 2559 1236 2594 CCL.
1262 2558 1302 2592 h.
1329 2559 1416 2593 edit.
1444 2560 1472 2602 ᾗ.
1501 2561 1546 2594 12

93 2614 118 2635 u
157 2603 196 2636 ff.
243 2602 369 2636 Ueber
400 2604 439 2638 C.
476 2605 694 2639 Vennonius
732 2617 758 2639 s.
786 2606 831 2638 ad
857 2606 970 2640 Attio.
997 2607 1061 2647 VI,
1088 2611 1119 2642 1.
1150 2607 1235 2648 XII,
1263 2609 1318 2643 13.
1354 2607 1399 2640 de
1425 2608 1543 2655 Legg.

93 2650 124 2687 Ι,
148 2652 181 2685 2.
224 2650 374 2684 Vossius
400 2651 445 2685 de
473 2652 567 2686 Hist.
595 2654 674 2686 Lat.
701 2653 805 2686 Libr.
834 2654 905 2695 111,
931 2665 968 2699 p.
994 2655 1076 2692 226.
1117 2655 1172 2689 Er
1197 2663 1280 2691 war
1306 2654 1369 2689 ein
1390 2654 1544 2690 Freund

92 2697 154 2732 des
181 2697 324 2734 Cicero.
352 2717 399 2724 —
423 2701 500 2734 eius
525 2702 676 2736 ordinis.
703 2701 727 2734 i.
754 2713 785 2736 e.
813 2707 972 2737 senatus.
