1795 3081
574 0 896 39 mk’ffl'l'ohA
923 0 1083 37 iuml
1095 0 1146 38 V.
1483 0 1583 39 347*

121 129 146 154 a
185 113 373 154 Camillo
418 116 732 150 commutatam
781 123 873 149 esse
915 110 1068 165 legem.
1144 110 1308 160 Pisoni,
1356 109 1463 162 quid
1501 103 1624 161 est‚2

121 168 238 223 quod
273 168 498 206 honestius
540 164 807 218 respondere
849 167 1079 217 possimus,
1124 179 1254 218 quam
1296 165 1583 205 solitudinem

122 225 332 266 Catonis?
370 221 465 261 Nec
495 219 784 260 coheredibus
814 221 957 258 solum
986 220 1299 272 Herennianis,
1329 220 1404 260 sed
1434 222 1585 271 etiam,

120 286 173 319 ut
202 280 285 318 scis
316 299 366 308 -—
396 283 445 316 tu
481 277 596 315 enim
633 288 801 314 mecum
840 277 970 329 egisti
1012 299 1064 305 -
1106 274 1158 314 de
1193 289 1331 327 puero
1361 276 1585 315 Lucullo:

123 348 252 388 quam
281 333 510 386 pecuniam
539 336 663 370 tutor
696 352 752 358 -
791 343 891 368 nam
923 330 1006 368 hoc
1035 344 1208 383 quoque
1237 330 1292 369 ad
1322 344 1416 370 reni
1445 331 1588 384 perti-

122 397 197 429 net
223 411 279 417 —
307 390 352 426 in
377 387 542 426 Achaia
569 391 828 438 sumpserat.
887 384 974 424 Sed
1012 387 1104 441 agit
1132 387 1397 437 liberaliter,
1442 399 1584 438 quon-

123 447 212 484 iam
252 449 382 498 negat
423 455 467 480 se
506 440 743 493 quidquam
771 442 993 479 facturum
1012 447 1167 480 contra
1196 448 1392 479 nostram
1422 442 1586 481 volun-

125 507 273 539 tatem.
334 500 493 538 Coram
523 497 678 551 igitur,
718 501 768 535 ut
797 496 968 546 scribis,
1013 498 1344 546 constituemus,
1377 495 1588 547 quemad-

124 554 304 593 modum
344 566 437 591 rem
467 552 756 604 ‘explicemus
825 550 953 602 Quod
988 552 1181 603 reliquos
1212 551 1449 590 coheredes
1481 564 1589 590 con-

125 610 302 657 venisti,
341 608 470 660 plane
499 605 841 656 be11e[fecisti.].
909 604 1036 657 Quod
1080 607 1309 658 epistolam
1350 619 1492 645 meam
1533 599 1630 645 ad3

125 666 311 703 Brutum
341 663 500 715 poscis,
532 676 618 701 non
646 662 783 701 habeo
813 663 905 700 eius
931 662 1192 713 exemplum,
1221 660 1296 700 sed
1325 667 1472 700 tamen
1502 662 1594 701 sal-

127 734 228 760 vum
261 724 340 767 est,
371 723 414 756 et
443 718 506 756 ait
530 716 641 756 Tiro
670 723 714 756 te
742 717 904 756 habere
934 722 1158 769 oportere:
1191 723 1247 764 et,
1282 722 1332 755 ut
1361 715 1594 766 recordor,

130 861 208 890 setz
234 854 417 897 erlauffle,
445 855 507 888 ein
533 854 720 889 Gewisses
745 855 930 889 bezahlen
955 862 1108 889 musste.
1134 874 1181 880 -—
1219 869 1242 889 α
1271 856 1438 892 Camillo.
1466 854 1502 888 S.
1534 865 1595 899 ep.

132 908 215 947 593,
242 906 275 937 ll.
314 903 394 949 vgl.
420 903 490 935 mit
516 905 598 944 574,
624 906 647 937 '4
684 903 912 937 Fulviaster.

224 953 255 985 2.
308 951 431 984 Pisoni
458 953 501 992 (5.
531 962 586 995 ep.
616 954 696 993 593,
723 953 774 992 2.)
819 951 953 985 Dieser
978 952 1179 999 verlangte
1204 962 1295 985 vom
1322 950 1598 996 unmiindigen

135 999 265 1034 Sohne
292 998 356 1031 des
385 998 475 1032 Cato
503 998 614 1041 Gom,
652 1011 727 1033 was
754 999 837 1031 ihm
864 999 943 1031 und
974 999 1048 1032 den
1081 1000 1244 1047 iibrigen
1269 999 1397 1031 Erben
1431 998 1495 1031 des
1519 998 1598 1031 He-

135 1048 294 1081 rennius
323 1046 453 1079 dessen
478 1047 594 1079 vater
619 1047 798 1093 schulclig·
823 1046 1022 1093 gehliebeu
1048 1059 1140 1081 war.
1173 1067 1220 1071 —
1252 1048 1400 1080 solz'ticd.
1430 1047 1597 1086 Catonis,

132 1097 214 1138 „als
242 1095 322 1127 dass
348 1093 409 1127 die
434 1094 678 1127 Vormimder
704 1094 768 1127 des
795 1094 886 1127 Cato
913 1094 1113 1128 abwesend
1138 1095 1226 1128 sind
1256 1095 1335 1127 und
1362 1094 1490 1127 dieser
1514 1094 1596 1127 also

137 1154 213 1176 von
240 1142 374 1182 denen,
413 1141 473 1175 die
501 1141 572 1174 ihn
598 1143 782 1176 schiitzen
807 1145 970 1182 miissen,
1007 1143 1204 1176 verlassen
1230 1143 1368 1183 (solus)
1395 1141 1597 1177 dastehef‘

133 1193 219 1224 Man
253 1189 365 1229 sieh‘t,
415 1189 550 1223 Cicero
588 1190 750 1237 geho'rte
786 1202 835 1222 zu
867 1191 999 1223 dessen
1037 1190 1116 1222 und
1150 1190 1213 1224 des
1248 1191 1394 1236 iungen
1430 1189 1597 1223 Luculls

134 1237 422 1274 Vormiindern.
463 1238 549 1284 Vgl:
585 1238 630 1271 de
655 1238 803 1272 finibb.
842 1238 911 1279 ΠΙ,
938 1240 971 1272 2.
1012 1238 1140 1272 Ueber
1176 1239 1249 1271 den
1274 1237 1460 1270 Lucullus
1496 1247 1600 1281 ‘puer

134 1287 215 1334 vgl.
242 1286 360 1318 Varro
388 1285 430 1319 R.
458 1284 498 1318 R.
527 1286 595 1324 Ill,
622 1287 656 1319 2.
685 1288 740 1320 17.
779 1285 945 1329 Philipp.
973 1286 1017 1326 X,
1043 1289 1076 1319 ll.
1112 1305 1159 1310 —
1192 1286 1266 1320 Nec
1291 1286 1446 1319 cohered.
1478 1288 1601 1320 solum

138 1336 379 1368 Herennianis
408 1332 490 1365 scil.
516 1332 591 1365 hoc
616 1333 774 1366 honeste
800 1333 1030 1378 respondere
1055 1345 1262 1377 possumus,
1319 1333 1430 1366 Diese
1464 1332 1602 1366 hatten

138 1381 309 1415 n'zimlich
337 1380 400 1413 ein
427 1380 586 1424 capital,
613 1393 689 1413 was
718 1381 808 1414 Cato
834 1391 911 1413 von
937 1381 1046 1415 Utica
1073 1381 1157 1414 (lem
1173 1381 1389 1415 Herennius
1415 1380 1602 1428 schuldig

141 1441 236 1471 war,
275 1427 418 1475 geerbt.
468 1428 595 1462 Ueber
628 1429 857 1470 Herennius,
903 1430 1056 1462 wofern
1098 1441 1134 1462 es
1176 1429 1216 1465 C,
1258 1429 1476 1462 Herennius
1518 1429 1603 1462 sein

142 1478 267 1517 sollte,
303 1488 329 1508 s.
358 1475 406 1507 ad
430 1474 545 1508 Attio.
574 1477 604 1516 Ι,
634 1479 688 1511 18.
716 1480 770 1512 19.
820 1476 915 1510 Vide
949 1488 996 1509 ne
1029 1488 1075 1510 ex
1100 1477 1199 1521 Epp.
1226 1479 1283 1518 12,
1311 1479 1356 1510 14
1382 1482 1418 1510 et
1443 1478 1489 1510 50
1528 1487 1601 1521 pro

142 1526 396 1562 Herennianis,
424 1525 490 1566 qui
516 1524 606 1556 alibi
633 1535 711 1557 non
738 1530 1013 1565 memorantur,
1042 1525 1323 1558 emendandum
1349 1523 1397 1556 sit
1414 1525 1603 1558 ‘Brinnia-

140 1577 210 1613 nis,
249 1570 349 1615 quod
384 1581 523 1604 nomen
559 1571 600 1603 in
627 1572 718 1606 Cdd.
748 1577 784 1605 et
808 1572 902 1604 Edd.
932 1577 1022 1605 vett.
1049 1572 1156 1606 varie
1189 1577 1416 1616 corruptum
1442 1572 1603 1619 legitur.

146 1624 219 1656 OR.
246 1618 428 1652 Brinnius
454 1619 680 1653 Ciceronem
708 1620 892 1654 heredem
918 1620 1030 1660 fecit3
1066 1620 1111 1652 (18
1135 1621 1242 1653 cuius
1268 1621 1456 1653 bonorum
1482 1621 1606 1653 aucti-

146 1681 217 1704 one
246 1673 282 1701 et
307 1666 426 1700 fundo
452 1667 530 1700 vid.
559 1667 606 1700 ad
631 1668 748 1701 Attio.
782 1668 885 1705 xm,
918 1670 973 1703 12.
1003 1671 1057 1703 14.
1085 1670 1140 1702 50.
1181 1686 1224 1693 --
1265 1669 1324 1702 sed
1348 1671 1460 1701 etiam
1487 1693 1496 1701 .
1527 1695 1534 1702 .
1563 1670 1606 1702 de

144 1729 256 1765 puero
281 1716 434 1750 Lucullo
458 1713 531 1748 hoc
562 1716 791 1759 respondere
824 1715 930 1758 licet,
969 1716 1091 1756 „eben
1116 1717 1189 1749 Das
1215 1716 1366 1750 kommt
1391 1716 1489 1748 auch
1518 1716 1606 1749 dem

147 1767 293 1811 iungen
319 1762 459 1795 Lucull
486 1775 537 1795 >zu
568 1762 752 1798 Statten.“
801 1764 909 1797 Diess
936 1775 1019 1797 war
1045 1764 1114 1797 der
1140 1764 1244 1797 Sohn
1269 1764 1332 1798 des
1359 1763 1400 1796 L.
1428 1764 1606 1797 Licinius

148 1813 344 1849 Lucullus,
371 1810 439 1843 der
463 1810 509 1843 ad
535 1810 646 1844 Attio.
674 1813 704 1853 I,
732 1814 786 1849 16.
817 1814 873 1846 19.
913 1812 964 1853 Π,
990 1814 1046 1846 24.
1075 1811 1120 1844 (18
1148 1812 1276 1844 Officc.
1306 1812 1357 1852 ΙΙ,
1385 1814 1440 1846 16.
1469 1812 1515 1846 de
1542 1811 1608 1845 Fi-

148 1861 248 1895 nibb.
275 1860 344 1901 HI,
371 1861 405 1894 2.
447 1858 491 1891 (18
517 1858 636 1906 Legg,
662 1860 729 1899 Ill,
758 1863 816 1895 13.
853 1859 967 1892 Acad.
994 1860 1057 1901 IV,
1087 1862 1119 1892 1.
1154 1859 1303 1893 Cluent.
1331 1862 1388 1894 49.
1423 1858 1525 1893 Sext.
1545 1861 1604 1895 27.

148 1909 275 1943 Manil.
303 1909 336 1945 8,
371 1905 542 1940 Muraen.
570 1911 624 1941 15.
660 1908 764 1941 Brut.
791 1909 846 1943 62.
883 1907 1036 1941 Verrin.
1063 1907 1125 1947 IV,
1153 1910 1198 1943 66
1224 1906 1398 1942 ervv‘aihnt
1422 1907 1533 1940 wird.
1564 1926 1609 1932 —

152 1969 258 2005 quam
281 1957 476 2001 pecuniam
501 1960 603 1988 tutor
627 1956 819 1989 Cato...i.›2
844 1956 987 1989 Achaia
1012 1961 1229 2000 sumpserat,
1257 1955 1384 1997 „denn
1409 1955 1491 1988 sein
1508 1956 1607 1989 Vox·-

152 2005 277 2039 mund
304 2003 395 2037 Cato
421 2003 526 2036 hatte
555 2004 617 2036 das
646 2003 757 2044 Geld‚
783 2015 860 2038 was
887 2004 1009 2037 dieser
1033 2004 1113 2037 sein
1138 2004 1296 2037 Miindel
1322 2002 1402 2035 ihm
1429 2002 1609 2051 schuldig

154 2065 247 2095 war,
276 2052 317 2083 in
346 2049 487 2083 Achaia
512 2051 632 2085 sehon
658 2051 854 2098 gehoben3
894 2052 975 2085 Piso
1002 2052 1083 2084 und
1109 2051 1168 2084 die
1195 2052 1363 2085 anderen
1389 2051 1518 2085 Erben
1544 2052 1608 2085 des

152 2099 368 2135 Herennius
394 2099 547 2132 konnen
571 2099 737 2146 folglich
764 2100 866 2133 diese
884 2099 1030 2132 Schuld
1056 2111 1144 2133 vom
1168 2100 1313 2148 iungen
1330 2099 1472 2131 Lucull
1498 2099 1612 2132 nicht

153 2149 267 2183 mehr
304 2147 536 2188 einfordern‚
574 2160 640 2180 um
676 2148 758 2180 sich
794 2147 910 2180 damit
949 2147 989 2180 in
1015 2147 1195 2180 Hinsicht
1222 2148 1376 2187 Dessen,
1411 2159 1488 2179 was
1517 2147 1610 2181 Cato

157 2197 275 2230 ihnen
302 2194 478 2242 schuldig
503 2196 563 2233 ist,
598 2196 775 2229 vollends
800 2195 954 2228 bezahlt
985 2208 1032 2228 zu
1057 2196 1258 2229 machenf‘
1307 2195 1399 2228 Dass
1429 2194 1520 2228 Cato
1547 2195 1611 2227 des

159 2246 304 2292 iungen
332 2244 516 2276 Lucullus
542 2244 738 2277 Vormund
772 2255 948 2289 gewesen
974 2255 1066 2283 war,
1105 2243 1249 2277 ersieht
1273 2255 1362 2276 man
1388 2254 1451 2275 aus
1479 2243 1524 2276 de
1551 2242 1614 2275 Fi-

160 2293 258 2326 nibb.
287 2292 357 2332 III,
383 2292 417 2325 2.
437 2309 477 2316 -—
499 2294 548 2325 ad
572 2305 645 2326 rem
671 2295 829 2337 pertinet
855 2292 889 2324 d.
914 2292 938 2324 i.
966 2292 1053 2324 (lars
1074 2291 1181 2325 nicht
1206 2289 1419 2325 iibersehen
1443 2290 1613 2324 werden.

161 2360 207 2366 —-
234 2341 302 2373 Sed
325 2343 407 2385 agit
432 2339 526 2374 Piso.
553 2360 600 2365 —
626 2353 699 2374 rem
726 2342 866 2384 explic„
892 2340 967 2373 wie
992 2340 1085 2374 Wir
1111 2340 1210 2373 diese
1238 2338 1356 2374 sache
1383 2339 1477 2370 aus’s
1497 2338 1616 2371 Reine

161 2389 326 2435 bringen
358 2388 439 2420 und
471 2389 718 2437 ausgleichen
749 2388 916 2421 konnen.
952 2406 998 2413 —
1042 2387 1199 2432 [fecisti]
1233 2387 1347 2421 omis.
1375 2385 1509 2431 fecisti
1539 2385 1615 2426 Md.

164 2438 277 2472 Oxou,
306 2439 339 2469 1.
366 2437 400 2470 2.
438 2435 532 2472 Vict.
562 2441 591 2471 1.
618 2439 650 2472 2.
686 2438 829 2469 Manut.
856 2436 982 2468 hamb.
1020 2436 1180 2470 Videtur
1206 2436 1319 2484 gloss.
1355 2434 1434 2468 cfr.
1463 2434 1534 2479 Ep.
1559 2435 1617 2469 22.

163 2485 371 2519 Attribzctos
396 2486 491 2528 quod
514 2487 690 2530 appellas,
717 2485 817 2518 valde
843 2486 962 2526 probe.
1005 2485 1078 2518 ΟΒ.

257 2537 291 2569 3.
340 2534 403 2566 sed
426 2539 545 2567 tamen
571 2535 709 2567 salvum
735 2538 797 2572 cst,
833 2532 894 2565 (lie
921 2531 1115 2565 Abschrift
1148 2532 1198 2566 ist
1232 2529 1371 2564 iedoch
1406 2529 1513 2563 wohl
1532 2531 1620 2563 *auf-

164 2580 346 2636 gehoben.
373 2593 420 2605 —·
454 2587 617 2626 oportere
649 2592 748 2624 susp.
776 2580 969 2613 Lambino.
1006 2581 1080 2614 ΟΒ.
1115 2599 1161 2605 —-
1195 2585 1233 2613 ut
1259 2579 1438 2618 recordor,
1475 2589 1512 2610 so
1540 2577 1621 2610 viel

166 2630 232 2663 ich
258 2629 366 2663 mich
393 2629 583 2664 erinnere.
609 2648 656 2655 ——
682 2630 950 2674 obiurgator-ia,
977 2639 1050 2673 qua
1075 2628 1212 2662 Brutus
1239 2626 1466 2662 Ciceronem
1493 2624 1620 2659 obiur-
