1795 3081
282 83 378 130 208
547 79 614 129 M.
651 81 706 129 Τ.
745 79 1087 130 CICERONIS
1125 78 1502 131 EPISTOLAE.

281 203 360 249 vit,
391 215 544 243 verum
573 201 704 241 etiam
734 202 902 256 recepit
930 201 1218 256 perceleriter
1248 215 1292 241 se
1322 202 1569 241 ablaturum
1603 201 1743 257 diplo-

281 271 364 296 ma.
432 257 548 296 Mihi
586 263 732 296 tamen
775 258 941 309 placuit
983 257 1088 294 haec
1132 255 1185 294 ad
1228 261 1269 294 te
1318 258 1552 309 perscribi:
1596 261 1742 299 minus

282 315 396 352 enim
434 318 477 351 te
505 313 680 350 firmum
716 324 859 351 sermo
898 312 1135 364 Eppuleiae
1175 316 1274 349 tuae
1320 313 1611 366 lacrimaeque
1640 313 1743 352 Am-

281 370 379 421 piae
409 366 699 417 declarabant,
730 379 857 420 quam
886 366 1135 419 significant
1164 367 1282 418 ipsae
1313 372 1411 405 tuae
1441 368 1609 406 literae.
1668 371 1741 407 At-

281 435 363 475 que
393 422 494 460 illae
524 422 864 469 arbitrabantur,
909 433 1042 473 quum
1078 433 1102 458 a
1131 426 1172 458 te
1202 422 1402 460 abessent
1430 423 1564 474 ipsae,
1603 423 1741 462 multo

279 479 326 516 in
356 478 561 530 graviore
589 483 631 516 te
660 490 763 515 cura
795 479 1004 515 futurum.
1064 475 1208 525 Quare
1237 489 1391 530 magno
1423 490 1555 529 opere
1583 479 1742 530 putavi

279 533 454 585 angoris
487 536 530 570 et
558 530 715 570 doloris
746 533 812 570 tui
842 529 1015 570 levandi
1045 543 1173 569 causa
1213 544 1293 584 pro
1335 533 1465 569 certis
1502 530 1556 570 ad
1594 538 1636 571 te
1676 546 1741 582 ea,

239 589 390 640 4quae
420 592 565 625 essent
595 594 729 635 certa,
759 585 991 639 perscribi.
1052 584 1146 624 Scis
1189 599 1256 624 me
1294 592 1418 625 antea
1458 587 1520 625 sic
1562 587 1740 627 solitum

281 654 371 682 esse
411 642 608 680 scribere
646 640 700 680 ad
741 648 796 687 te,
838 641 976 694 magis
1014 647 1064 679 ut
1101 641 1354 679 consolarer
1394 642 1551 680 fortem
1591 643 1741 681 virum

280 703 409 749 atque
438 698 691 749 sapientem,
724 709 853 748 quam
881 701 930 733 ut
960 696 1228 749 exploratam
1260 709 1378 747 spem
1409 696 1561 735 salutis
1597 703 1741 736 osten-

282 751 445 801 derem,
476 753 562 790 nisi
593 764 701 799 eam,
742 763 868 803 quam
898 750 949 789 ab
980 752 1076 803 ipsa
1106 764 1156 789 re
1188 751 1373 801 publica,
1406 763 1538 803 quum
1568 751 1640 790 hic
1669 764 1740 790 ar-

280 805 362 845 dor
399 807 632 845 restinctus
669 811 793 850 esset,
835 807 1004 857 sperari
1044 812 1249 857 oportere
1286 818 1520 844 censerem.
1580 806 1740 845 Recor-

280 860 385 900 dare
414 867 509 900 tuas
539 861 708 909 literas,
741 860 899 913 quibus
931 865 973 898 et
1002 873 1204 913 magnum
1243 861 1435 898 animum
1477 861 1590 899 mihi
1630 874 1741 900 sem-

279 929 361 970 per
389 913 612 955 ostendisti
642 922 684 954 et
713 915 766 954 ad
796 927 944 953 omnes
976 927 1099 953 casus
1144 914 1345 952 ferendos
1386 921 1650 954 constantem
1687 929 1739 955 ac

279 977 505 1023 paratum:
536 968 653 1023 quod
681 983 759 1024 ego
790 982 878 1008 non
908 970 1117 1017 mirabar,
1161 983 1296 1020 quum
1327 968 1587 1008 recordarer
1626 976 1667 1008 te
1697 976 1740 1010 et

280 1040 306 1065 a
335 1027 492 1079 primis
523 1026 791 1077 temporibus
822 1025 974 1063 aetatis
1012 1025 1057 1062 in
1096 1037 1143 1062 re
1174 1024 1349 1076 publica
1381 1037 1471 1062 esse
1500 1031 1741 1074 versatum,

281 1087 324 1120 et
367 1086 465 1119 tuos
502 1082 780 1135 magistratus
823 1081 869 1117 in
917 1080 1010 1131 ipsa
1051 1078 1305 1117 discrimina
1342 1077 1545 1118 incidisse
1583 1080 1739 1119 salutis

281 1139 645 1188 fortunarumque
677 1135 994 1181 communium,
1026 1139 1068 1172 et
1097 1135 1140 1171 in
1172 1132 1250 1171 hoc
1281 1134 1425 1185 ipsum
1458 1133 1615 1173 bellum
1647 1146 1740 1175 esse

279 1192 540 1244 ingressum,
571 1201 658 1228 non
688 1190 841 1238 solum,
871 1195 922 1227 ut
950 1190 1094 1227 victor
1124 1189 1289 1236 beatus,
1320 1187 1395 1226 sed
1426 1190 1569 1239 etiam,
1598 1195 1660 1235 ut,
1702 1191 1740 1229 si

237 1248 341 1290 5ita
369 1244 611 1291 accidisset,
641 1245 782 1284 victus
809 1241 890 1293 [ut]
911 1245 1079 1296 sapiens
1100 1256 1226 1283 esses.
1283 1240 1463 1288 Deinde,
1494 1257 1628 1296 quum
1650 1250 1741 1284 stu-

279 1298 399 1339 dium
429 1305 553 1339 tunm
583 1312 811 1338 consumas
840 1300 885 1337 in
915 1301 1116 1338 virorum
1148 1299 1329 1336 fortium
1353 1299 1477 1336 factis
1502 1301 1742 1340 memoriae

279 1353 532 1409 prodendis,
565 1352 845 1393 considerare
885 1352 1029 1402 debes,
1069 1353 1183 1391 nihil
1220 1353 1302 1391 tibi
1340 1365 1430 1391 esse
1473 1355 1742 1394 committen-

279 1409 396 1459 dum,
426 1409 708 1462 quamobrem
737 1421 904 1457 eorum,
935 1420 1041 1461 quos
1070 1406 1239 1456 laudas,
1282 1412 1325 1446 te
1353 1419 1436 1446 non
1472 1409 1741 1449 simillimum
1782 1456 1783 1461 ¹

280 1466 502 1520 praebeas,
560 1463 647 1504 Sed
674 1461 784 1502 haec
814 1464 956 1503 oratio
985 1464 1125 1516 magis
1164 1467 1278 1502 esset
1317 1468 1417 1515 apta
1446 1462 1500 1501 ad
1528 1464 1604 1502 illa
1633 1471 1741 1504 tem·
1782 1503 1783 1507 ,

280 1534 402 1575 pora,
435 1533 543 1573 quae
573 1520 662 1558 iam
693 1519 905 1572 effugisti:
947 1531 1065 1557 nunc
1105 1529 1213 1558 vero
1254 1522 1421 1556 tantum
1460 1522 1502 1557 te
1539 1532 1646 1571 para
1686 1518 1741 1559 ad
1782 1517 1784 1522 ⁸

280 1577 387 1616 haee
416 1575 644 1614 nobiscum
674 1572 881 1622 ferenda,
921 1573 1079 1626 quibus
1109 1586 1186 1626 ego
1226 1574 1263 1611 si
1305 1585 1434 1625 quam
1475 1572 1741 1613 medicinam

280 1632 540 1676 invenirem,
571 1630 653 1668 tibi
684 1640 854 1681 quoque
883 1626 1060 1668 eandem
1097 1626 1329 1666 traderem.
1387 1625 1474 1666 Sed
1514 1634 1576 1667 est
1605 1642 1742 1669 unum

281 1687 536 1739 perfugium
565 1682 764 1722 doctrina
792 1696 842 1721 ac
871 1684 1035 1730 literae,
1074 1683 1232 1734 quibus
1264 1694 1434 1734 semper
1463 1684 1532 1721 usi
1562 1697 1739 1723 sumus:
1780 1725 1781 1734 ἵ

281 1753 394 1795 quae
423 1738 622 1780 secundis
651 1739 782 1778 rebus
812 1737 1142 1778 delectationem
1176 1735 1303 1776 modo
1342 1736 1502 1777 habere
1536 1737 1743 1778 videban-
1780 1736 1781 1739 '

281 1853 505 1891 ablaturum,
532 1860 574 1882 er
598 1849 729 1884 werde
754 1849 849 1883 iiber
873 1849 978 1882 Kurz
1005 1848 1077 1882 den
1093 1847 1359 1882 Gnadenbrief
1378 1859 1464 1882 vom
1489 1849 1603 1882 C'asar
1626 1849 1742 1884 abho-

285 1900 365 1940 len,
404 1897 590 1933 erhalten.
637 1917 679 1924 —
721 1898 904 1942 Eppuleia
934 1896 1075 1930 coniux
1109 1895 1262 1929 videtur
1283 1896 1396 1930 fuisse
1421 1897 1570 1941 Ampii3
1603 1898 1741 1943 Ampia

282 1957 375 1981 vero
403 1946 482 1980 eius
509 1956 628 1979 soror.
659 1946 761 1979 SCH.
795 1963 841 1970 —-
870 1947 1053 1989 perscribi
1089 1949 1254 1989 oportere
1280 1956 1299 1978 e
1325 1945 1451 1990 suppl.
1480 1944 1581 1979 Crat.
1608 1945 1740 1980 Lamb.

284 1995 421 2030 Graev.
449 1993 544 2027 Ern.
571 1993 795 2041 Mart.—Lag.
823 1993 910 2027 Sch.
938 1993 1031 2027 Liin.
1063 1992 1134 2025 ΟΒ.

377 2044 411 2076 4.
460 2043 535 2075 nisi
559 2053 650 2081 eam,
688 2054 806 2088 quam.
845 2040 909 2075 Sic
940 2040 1017 2074 Md.
1052 2040 1170 2084 Neap.
1206 2038 1304 2073 Crat.
1345 2040 1444 2077 Vict‚
1472 2043 1504 2074 1.
1530 2042 1563 2076 2.
1600 2040 1739 2075 Bened‚

282 2092 355 2125 m'si
387 2102 495 2136 quam
529 2088 612 2123 Asc.
640 2092 671 2123 1.
716 2089 852 2124 Graev.
891 2089 984 2122 Ern.
1023 2088 1247 2133 Mart.-Lag.
1283 2087 1372 2120 Sch.
1407 2089 1507 2121 Liin.
1540 2089 1616 2122 nisi
1652 2092 1740 2131 eius,

283 2150 393 2185 quam
419 2136 548 2170 Lamb.
579 2138 652 2171 ΟΒ.
678 2155 726 2161 -—
751 2140 940 2171 restinctus
967 2135 1088 2176 (Crat.
1104 2135 1202 2168 Vict.
1218 2138 1249 2168 1.
1277 2137 1475 2169 exstinctus
1500 2141 1632 2169 contra
1650 2136 1742 2178 Md.)

284 2191 386 2224 esset,
413 2184 438 2218 i.
467 2196 497 2219 e.
527 2195 645 2228 quum
670 2185 908 2230 perturbatio
935 2184 992 2218 rei
1016 2183 1191 2228 publicae
1217 2188 1252 2216 et
1281 2184 1448 2218 confusio
1480 2184 1651 2217 omnium
1679 2195 1741 2217 re-

283 2246 372 2269 rum
400 2244 444 2267 ex
470 2232 726 2267 debellatione
752 2232 925 2277 Pompeii
961 2236 1044 2265 orta
1070 2235 1245 2264 cessasset
1268 2231 1598 2275 tranquilliorque
1625 2236 1742 2271 certe,

286 2280 437 2317 etiamsi
463 2291 542 2314 non
569 2280 746 2324 optimus,
781 2281 837 2314 rei
864 2280 1038 2324 publicae
1070 2283 1184 2312 status
1211 2278 1320 2311 illam
1347 2284 1610 2323 tempestatem
1637 2290 1740 2312 secu-

284 2336 346 2364 tus
373 2333 477 2363 esset.
507 2328 608 2361 SCH.
658 2329 737 2361 Auf
770 2327 921 2376 gleiche
960 2327 1092 2362 Weise
1132 2327 1288 2360 tr‘dstete
1327 2326 1460 2360 Cicero
1496 2326 1570 2360 den
1603 2326 1742 2360 C'acina

286 2389 345 2422 ep.
371 2379 452 2412 470.
491 2394 538 2401 —
574 2380 656 2409 tuas
682 2379 821 2418 literas,
855 2376 931 2410 wie
968 2374 1112 2408 vorher
1145 2377 1245 2419 ipsae
1277 2380 1360 2408 tuae
1393 2377 1534 2408 literae.
1560 2393 1607 2399 ——
1631 2377 1739 2409 salut.

276 2426 376 2471 sort.
405 2436 530 2458 comm.
557 2423 620 2457 des
647 2423 901 2458 b'ffentlichen
928 2423 1032 2457 Heils
1058 2421 1138 2454 und
1165 2422 1320 2455 Gliicks.
1361 2440 1401 2447 --
1442 2428 1483 2455 ut
1505 2425 1643 2456 'vic-tor.
1677 2422 1743 2456 sio

286 2473 360 2508 Md.
386 2473 484 2506 Vict.
500 2473 532 2507 2.
561 2472 689 2505 Lamb.
719 2475 776 2506 uti
792 2471 919 2506 Ceteri
946 2475 1099 2515 praeter
1117 2469 1220 2510 Sch.,
1250 2470 1316 2513 qui
1342 2470 1459 2504 coni.:
1487 2476 1539 2511 ut,
1565 2474 1598 2504 si
1614 2473 1741 2512 victor,

287 2524 422 2557 heatus.
454 2522 527 2554 ΟΒ.
563 2537 612 2544 -
646 2523 765 2554 victor
798 2520 894 2553 kurz
918 2520 984 2552 fiir
1008 2518 1039 2552 si
1064 2523 1106 2550 tu
1133 2530 1219 2551 cum
1239 2518 1479 2562 Pompeianis
1506 2518 1668 2551 vicisses.
1694 2535 1742 2542 —-—

286 2573 320 2604 si
344 2572 399 2603 ita
426 2568 629 2609 accidisset,
666 2573 709 2600 ut
733 2568 884 2602 accidit.
927 2586 968 2592 —
1004 2569 1147 2609 sapiens
1173 2577 1270 2600 esses.
1309 2565 1371 2599 Sic
1404 2566 1475 2600 Md.
1514 2566 1619 2601 Vict.
1647 2568 1680 2599 1.
1706 2567 1740 2600 2.
1766 2572 1769 2583 *

290 2617 429 2651 Graev.
466 2616 602 2649 Bened.
642 2616 749 2650 Prius
785 2621 825 2649 ut
850 2615 922 2649 del.
949 2614 1080 2648 Lamb.
1107 2613 1195 2648 Sch.
1222 2614 1331 2655 Liin.,
1366 2613 1567 2658 posterius,
1593 2612 1743 2652 melius,
1765 2611 1767 2622 ⁵

290 2669 332 2698 ut
356 2669 462 2709 puto,
489 2664 702 2700 Ernestius.
731 2664 808 2697 Cfr.
836 2663 992 2709 Madvig
1019 2665 1049 2696 1.
1076 2672 1112 2706 p,
1140 2664 1196 2697 36.
1228 2662 1302 2697 ΟΒ.

384 2714 417 2747 5.
467 2713 670 2755 prodendis.
707 2711 866 2757 Ampius
892 2722 974 2746 war
994 2708 1287 2745 Schriftsteller.
1324 2708 1401 2743 Ein
1416 2708 1544 2746 Werk
1563 2719 1639 2742 von
1661 2708 1745 2742 ihm
