1795 3081
420 112 741 165 EPISTOLA
777 114 1143 166 CCCCXCVII.
1409 118 1504 164 193

49 236 368 287 EPISTOLA
405 233 771 283 CCCCXCVII.
826 234 907 293 (ad
943 235 1058 285 Div.
1092 237 1229 287 XIII.
1266 238 1344 286 28.
1391 251 1506 300 pars

647 301 907 359 extrema.)

333 389 415 424 Ser.
442 387 581 421 Romae
614 386 655 419 Α.
683 389 729 422 U.
758 387 799 422 C.
826 390 907 424 708.
955 389 1004 431 (a.
1034 388 1074 422 G.
1102 391 1178 431 46.)

289 458 607 496 Lacedaemonios
641 458 813 503 Sulpicio
847 460 1100 494 commendat.
1142 462 1266 495 4—5.

535 541 716 576 CICERO
759 541 935 576 SERVIO
977 541 1013 575 S.

158 616 254 656 Nec
305 612 678 654 Lacedaemonios
723 613 928 653 dubitare
981 616 1204 666 arbitror,
1263 618 1367 668 quin
1422 611 1548 669 ipsi4

53 686 131 711 sua
175 672 479 721 maiorumque
529 681 711 708 suorum
751 671 1018 710 auctoritate
1062 673 1165 710 satis
1215 671 1510 711 commendati

54 729 142 766 sint
169 725 271 765 fidei
300 731 343 764 et
371 724 565 763 iustitiae
596 730 717 763 tuae:
758 731 801 763 et
833 737 927 780 ego,
969 727 1043 777 qui
1080 733 1123 765 te
1159 727 1324 780 optime
1363 729 1510 766 novis-

54 796 158 832 sem,
196 793 282 819 non
321 779 537 829 dubitavi,
575 780 681 831 quin
711 779 794 818 tibi
824 781 1052 819 notissima
1081 788 1124 820 et
1152 782 1251 820 iura
1281 788 1324 820 et
1352 783 1513 820 merita

55 837 322 890 populorum
352 840 505 874 essent.
564 833 715 886 Itaque
746 848 879 886 quum
919 848 943 873 a
986 849 1055 875 me
1085 842 1256 888 peteret
1284 836 1512 889 Philippus

55 890 444 939 Lacedaemonius,
475 894 525 926 ut
555 889 637 927 tibi
668 890 894 929 civitatem
915 890 1279 941 commendarem,
1311 892 1392 930 etsi
1423 904 1511 929 me-

56 947 270 985 mineram
312 957 381 984 me
421 944 462 982 ei
503 944 676 982 civitati
720 946 867 983 onmia
905 944 1079 996 debere,
1119 951 1265 985 tamen
1304 944 1513 999 respondi

59 998 437 1039 commendatione
466 997 835 1038 Lacedaemonios
865 999 979 1052 apud
1020 1006 1064 1039 te
1102 1013 1190 1038 non
1228 1013 1369 1055 egere.
1427 993 1555 1039 Ita-5

59 1069 143 1107 que
172 1056 234 1093 sic
263 1054 399 1093 velim
429 1054 664 1102 existimes,
703 1067 772 1092 me
811 1067 962 1093 omnes
991 1054 1182 1094 Achaiae
1212 1056 1413 1094 civitates
1444 1068 1515 1093 ar-

58 1110 222 1149 bitrari
250 1121 332 1161 pro
363 1108 522 1147 horum
553 1113 801 1160 temporum
830 1110 1166 1161 perturbatione
1195 1111 1358 1156 felices,
1399 1108 1518 1162 quod

60 1166 115 1203 iis
145 1171 193 1203 tu
222 1164 412 1216 praesis:
446 1161 717 1214 eundemque
746 1176 814 1202 me
844 1165 907 1202 ita
936 1163 1150 1213 iudicare,
1180 1171 1238 1214 te,
1270 1163 1387 1217 quod
1405 1178 1517 1203 unus

62 1221 225 1272 optime
255 1230 401 1257 nosses
431 1229 519 1255 non
548 1223 701 1256 nostra
728 1219 885 1268 solum,
916 1217 991 1257 sed
1021 1221 1153 1258 etiam
1181 1218 1395 1258 Graeciae
1425 1232 1518 1258 mo-

61 1279 269 1313 numenta
308 1273 470 1322 omnia,
521 1277 597 1310 tua
639 1279 794 1325 sponte
843 1275 1035 1313 amicum
1076 1273 1437 1313 Lacedaemoniis
1476 1279 1520 1313 et

63 1341 154 1368 esse
184 1334 228 1367 et
256 1329 365 1366 fore.
425 1326 572 1378 Quare
602 1333 772 1366 tantum
802 1341 827 1366 a
855 1334 899 1367 te
927 1335 1045 1381 peto,
1084 1335 1147 1379 ut,
1190 1343 1323 1381 quum
1363 1341 1413 1368 ea
1454 1330 1519 1367 fa-

63 1385 151 1422 cies
181 1381 637 1421 Lacedaemoniorum
668 1394 812 1432 causa‚
854 1396 964 1434 quae
994 1389 1068 1422 tua
1097 1383 1217 1434 fides,
1257 1382 1518 1435 amplitudo,

61 1439 234 1478 iustitia
262 1436 483 1489 postulat:
524 1442 574 1475 ut
612 1437 682 1486 iis,
722 1437 760 1474 si
799 1438 883 1475 tibi
917 1437 1160 1487 videbitur,
1201 1439 1432 1492 significes,
1476 1444 1521 1477 te

62 1506 150 1532 non
186 1492 368 1531 moleste
398 1492 532 1541 ferre,
571 1489 690 1543 quod
727 1492 948 1547 intelligas
979 1505 1043 1542 ea,
1084 1506 1193 1545 quae
1224 1494 1374 1543 facias,
1411 1492 1522 1532 mihi

64 1637 103 1666 te
130 1631 188 1672 iis,
222 1640 317 1674 quae
343 1628 529 1662 Mescinio
566 1627 824 1667 commodasti,
865 1639 940 1662 non
976 1630 1075 1663 mihi
1108 1630 1232 1663 solum
1266 1628 1523 1677 gratissimum

64 1679 210 1717 fecisse,
248 1676 314 1711 sed
348 1688 394 1710 ex
430 1676 513 1721 ipso
540 1676 721 1710 Mescinio
756 1675 871 1709 etiam
907 1675 1006 1709 hanc
1044 1677 1283 1721 voluptatem
1320 1682 1523 1721 capturum

67 1739 158 1768 esse,
193 1729 236 1758 ut
268 1724 405 1758 sentias
430 1724 581 1758 homini
609 1729 644 1757 te
669 1723 888 1772 gratissimo
916 1729 953 1757 et
978 1725 1250 1769 iucundissimo
1278 1725 1443 1773 benigue
1468 1725 1524 1759 fe-

68 1775 172 1808 cisse.
207 1773 311 1806 SCH.

162 1855 340 1891 SERVIO
367 1856 470 1890 SUO.
517 1856 649 1890 Novae
688 1855 868 1899 epistolae
905 1854 997 1889 hinc
1032 1855 1186 1888 initium
1220 1856 1398 1889 fecerunt
1429 1856 1525 1889 Man.

0 1879 3 1896 Α
68 1906 174 1943 Vict.
201 1906 234 1939 2.
260 1902 347 1938 sch.
377 1903 538 1939 Liinem.
575 1904 647 1937 ΟΒ.

162 1967 197 1999 4.
250 1968 402 2005 auctor„
429 1963 569 2002 Ruhm,
595 1962 783 1996 Ansehen.
811 1963 977 2006 —fidez‘‚
1011 1961 1240 2006 patrocinio,
1274 1962 1451 1996 Schutze.
1478 1979 1523 1987 —-

69 2015 132 2061 qui
156 2021 206 2044 Ξ
230 2023 347 2055 quum
374 2021 443 2058 ego
469 2016 503 2044 te
529 2015 603 2055 opt.
630 2013 817 2049 novissem,
851 2010 896 2043 da
923 2010 989 2043 ich
1013 2007 1113 2042 Dieh
1137 2021 1197 2041 am
1224 2010 1360 2043 Besten
1386 2010 1525 2044 kenne.

71 2080 114 2087 —-
150 2062 348 2100 civitatem,
382 2058 484 2092 seine
509 2058 740 2093 Vaterstadt.
772 2077 819 2083 —
857 2062 979 2093 omnia
1016 2056 1147 2098 debere,
1184 2056 1264 2090 dass
1302 2057 1366 2090 ich
1402 2057 1527 2091 dieser

71 2108 179 2143 stadt
204 2119 252 2139 zu
277 2107 381 2139 allen
403 2106 587 2140 Diensten
612 2105 857 2150 verpflichtet
879 2107 943 2142 sei,
972 2106 1091 2139 debere
1116 2104 1197 2137 scil.
1216 2104 1363 2145 officia;
1390 2117 1526 2150 nempe

72 2160 235 2201 propter
263 2153 341 2187 eius
367 2153 637 2197 antiquitatem
666 2160 701 2187 et
729 2153 958 2194 claritatem,
1001 2163 1095 2196 quae
1132 2151 1232 2196 apud
1265 2153 1431 2186 eruditos
1457 2152 1527 2187 ho-

74 2204 199 2237 mines
226 2201 323 2235 solet
357 2201 498 2235 valere.
560 2202 659 2234 Hinc
698 2201 797 2234 infra
830 2204 1105 2235 commemorat
1138 2205 1383 2233 monumenta
1410 2200 1528 2234 Grae-

75 2251 168 2285 ciae.
196 2248 415 2283 ERNESTL
464 2249 638 2284 Fortasse
664 2254 790 2282 tamen
819 2250 931 2282 etiam
952 2247 1243 2282 Lacedaemonii
1262 2248 1336 2282 alio
1370 2248 1527 2281 nomine

76 2299 122 2332 de
155 2298 236 2342 ipso
263 2296 446 2330 Cicerone
481 2296 574 2331 bene
608 2296 742 2331 meriti
769 2302 878 2331 erant
902 2302 965 2330 aut
992 2300 1095 2329 certe
1121 2306 1159 2328 se
1186 2295 1229 2328 in
1263 2295 1341 2330 eius
1367 2296 1528 2329 cliente-

75 2347 153 2380 lam
181 2344 375 2379 dederant.
404 2345 506 2378 SCH.

173 2405 205 2439 5.
252 2405 676 2448 pro...perturbatione,
701 2403 753 2437 im
779 2402 1024 2438 Verh'ailtniss
1051 2414 1110 2443 zu,
1139 2401 1191 2434 im
1219 2402 1431 2450 Vergleich
1456 2402 1529 2435 mit

81 2453 210 2486 diesen
236 2451 475 2498 triibseligen
498 2452 645 2488 Zeiten,
671 2471 718 2476 —
748 2455 794 2485 iis
818 2455 868 2485 tu.
905 2450 966 2483 Sic
993 2449 1141 2494 scripsi.
1177 2450 1234 2484 his
1259 2455 1300 2483 tu
1327 2451 1398 2484 Md.
1427 2450 1526 2483 Crat.

78 2501 184 2536 Vict.
217 2498 354 2533 Graev.
392 2499 486 2533 Ern.
520 2499 661 2534 Bened.
685 2498 772 2534 Sch.
802 2499 897 2531 Liin.
924 2503 965 2530 tu
993 2498 1050 2531 his
1083 2497 1164 2530 Asc.
1193 2500 1225 2531 1.
1260 2498 1390 2531 Lamb.
1417 2502 1458 2530 tu
1482 2499 1530 2531 iis

79 2549 197 2591 Neap.
233 2548 305 2580 ΟΒ.
338 2565 385 2571 --
420 2548 630 2592 eundemque
654 2560 721 2586 me,
755 2545 835 2579 und
861 2546 940 2579 dass
967 2544 1031 2578 ich
1058 2544 1287 2593 gleichfalls.
1315 2544 1350 2578 S.
1379 2544 1528 2579 Ramsh.

79 2597 108 2640 ξ.
135 2597 216 2635 158,
248 2596 283 2636 2,
318 2606 354 2642 g.
381 2593 419 2628 h.
464 2595 609 2629 Grotef.
635 2596 662 2638 ξ.
689 2597 771 2630 290.
809 2612 855 2618 —-
892 2604 1046 2627 monum.
1081 2605 1175 2625 omn.
1211 2592 1235 2627 i.
1271 2604 1302 2626 e.
1336 2591 1530 2634 historias,

9 2631 16 2674 ἶ
80 2655 141 2677 res
167 2648 300 2690 gestas,
327 2643 513 2687 exempla,
541 2647 777 2680 ornamenta,
803 2640 1213 2687 Denkwiirdigkeiten.
1243 2659 1285 2664 —
1313 2639 1529 2684 amplitudo,

10 2709 17 2742 3·
80 2691 204 2725 Deine
240 2690 346 2723 Ehre
384 2690 461 2723 und
497 2689 896 2736 Vielverm'ogenheit.
931 2707 977 2713 —-
1016 2692 1055 2721 ut
1092 2685 1335 2721 wiederholt.
1371 2689 1434 2720 iis.
1468 2685 1532 2719 Sic

81 2738 240 2782 scripsi3
268 2743 308 2771 ut
332 2736 388 2772 his
414 2737 509 2771 Cett.
535 2743 691 2783 praeter
717 2737 816 2772 Crat.
841 2742 878 2772 et
900 2735 1043 2779 hamb„
1069 2735 1159 2780 qui:
1187 2735 1243 2768 his
1269 2744 1346 2768 om.
1374 2739 1424 2770 ut.
1454 2734 1530 2768 ΟΒ.

135 2807 215 2843 cic.
232 2808 359 2843 Briefe
372 2820 408 2844 v.
424 2808 582 2846 Biuerb.
603 2809 674 2845 111.
1182 2799 1233 2839 13
