1795 3081
560 51 883 102 EPISTOLA
918 52 1137 105 DCXIV.
1480 54 1589 100 379⁷

132 177 195 215 hil
225 177 309 216 fuit
339 175 455 229 quod
484 175 738 228 appellares.
774 173 887 214 Nam
916 175 999 212 tibi
1027 173 1311 227 mandassem,
1339 175 1377 213 si
1410 177 1576 215 fuisset.

129 231 256 270 Nihil
286 233 400 270 enim
438 237 502 270 est
541 229 655 282 apud
684 243 781 268 eum
810 230 1000 282 positum
1036 231 1212 269 nomine
1248 231 1368 270 voti:
1410 230 1484 270 sed
1514 236 1579 269 est

131 286 335 339 quiddam
365 285 479 339 apud
507 285 632 323 illum
662 297 817 323 meum.
876 283 925 322 Id
963 297 1042 339 ego
1081 286 1128 323 in
1166 284 1277 324 hanc
1314 298 1407 324 rem
1444 286 1579 324 statui

132 344 347 380 con-serre.
400 341 550 392 Itaque
580 346 621 378 et
653 351 731 394 ego
761 344 880 378 recte
908 339 992 377 tibi
1021 338 1127 390 dixi,
1157 340 1234 379 ubi
1264 346 1392 379 esset:
1423 347 1466 380 et
1494 340 1579 378 tibi

131 397 209 435 ille
240 402 359 435 recte
389 395 575 450 negavit.
633 392 719 433 Sed
747 393 831 432 hoc
861 406 1031 446 quoque
1059 396 1202 447 ipsum
1232 396 1439 434 continuo
1473 393 1578 434 ado-

131 453 312 491 riamur.
354 451 524 488 Lucum
554 448 804 487 hominibus
833 461 920 487 non
949 462 1051 488 sane
1079 450 1236 502 probo,
1268 449 1383 502 quod
1412 457 1474 489 est
1503 448 1576 489 de-

131 508 316 545 sertior:
348 504 422 544 sed
450 505 580 543 habet
610 500 821 557 εὐλογίαν.
873 503 1042 542 Verum
1071 504 1155 542 hoc
1185 517 1370 557 quoque,
1398 512 1448 545 ut
1477 517 1577 544 cen-

131 562 293 607 sueris3
326 561 485 612 quippe
515 560 590 611 qui
621 559 779 597 omnia.
837 559 943 614 Ego,
982 565 1029 598 ut
1060 561 1283 609 constitui,
1314 559 1472 600 adero:
1511 566 1576 599 at-

131 629 212 668 que
248 616 414 653 utinam
453 620 502 653 tu
539 626 710 666 quoque
749 613 900 653 eodem
940 612 1032 652 die!
1074 616 1141 652 sin
1182 614 1312 666 quid:
1348 638 1400 646 —
1437 615 1578 653 multa

131 672 245 710 enim
275 692 330 699 -—
359 670 510 721 utique
538 668 765 721 postridie.
821 669 991 708 Etenim
1022 668 1277 709 coheredes:
1307 684 1332 709 a
1359 669 1455 722 quis
1484 671 1578 709 sine

131 732 173 764 te
203 725 395 777 opprimi
423 724 591 763 malitia
620 730 695 763 est.
752 724 916 763 Alteris
955 725 1044 762 iam
1082 725 1225 764 literis
1261 724 1374 763 nihil
1415 724 1468 765 ad
1506 719 1617 763 me5

130 780 182 819 de
211 779 371 819 Attica.
427 778 512 818 Sed
552 778 598 817 id
637 778 811 831 quidem
854 780 898 817 in
936 780 1102 831 optima
1142 793 1217 832 spe
1258 792 1387 832 pono.
1459 779 1597 818 Illud*

130 848 302 886 accuso,
331 846 418 872 non
447 840 504 885 te,
541 832 617 872 sed
643 835 782 885 illam,
817 848 872 874 ne
909 835 1092 874 salutem
1128 833 1315 887 quidem.
1371 835 1429 874 At
1456 841 1505 874 tu
1534 841 1579 874 et

129 948 234 982 hatte
271 949 348 982 also
385 948 529 983 Gelder
562 959 637 982 von
666 947 811 981 Cicero.
847 966 894 973 —
929 951 963 983 si
979 948 1128 992 fuisset,
1154 948 1255 992 quod
1280 949 1502 993 appellares
1529 968 1577 974 —

128 997 457 1037 Nz·hil...positum
480 999 621 1030 nomine
646 999 732 1036 voti,
758 995 884 1037 „denn
911 1008 947 1030 es
973 996 1021 1029 ist
1049 996 1108 1029 bei
1142 995 1223 1029 ihm
1259 996 1352 1030 kein
1379 997 1479 1030 Geld
1505 997 1578 1030 mit

130 1044 198 1077 der
229 1039 494 1091 Bestimmung
539 1055 608 1076 zur
641 1042 860 1081 Bezahlung·
904 1044 1004 1077 eines
1038 1043 1226 1077 Geliibdes
1270 1044 1578 1092 niedergelegt.“

130 1092 266 1126 Cicero
292 1091 395 1126 hatte
420 1092 505 1126 dem
529 1091 679 1124 Attikus
706 1084 968 1138 geschrieben,
997 1103 1039 1125 er
1063 1091 1157 1124 habe
1185 1091 1269 1124 dem
1295 1092 1446 1125 Tullius
1474 1092 1576 1127 Geld

130 1144 360 1181 auvertraut,
400 1151 473 1173 was
510 1150 551 1172 er
574 1151 644 1171 zur
669 1138 891 1186 Bezahlung*
921 1139 1042 1172 seines
1069 1139 1270 1180 Geliibdes,
1308 1139 1480 1173 n‘a'mlich
1505 1152 1577 1173 zur

130 1186 375 1231 Eri-ichtung*
400 1187 462 1221 des
489 1187 667 1231 Tempels
693 1188 758 1219 fiir
783 1187 844 1220 die
870 1186 998 1220 Tullia
1024 1189 1067 1227 (s.
1089 1198 1144 1231 ep.
1172 1188 1254 1227 533,
1275 1189 1304 1220 1.
1332 1189 1413 1228 563,
1433 1191 1464 1224 4.
1491 1190 1576 1230 570,

127 1237 162 1269 ll.
201 1237 283 1277 573,
309 1237 373 1276 2.),
399 1234 631 1268 verwenden
656 1234 783 1268 wolle.
834 1234 996 1274 Attikus‚
1024 1234 1093 1268 der
1119 1234 1215 1268 diess
1241 1234 1574 1280 missverstanden,

128 1282 285 1316 mahnte
325 1283 397 1316 den
432 1282 583 1316 Tullius
620 1294 684 1315 um
723 1282 783 1316 die
817 1281 969 1316 Summe
1002 1282 1140 1317 Geldes
1171 1282 1225 1315 als
1262 1294 1333 1315 zur
1356 1283 1577 1332 Bezahlung

129 1330 230 1363 eines
268 1329 454 1363 Geliibdes
495 1330 554 1363 bei
599 1329 682 1362 ihm
730 1329 1005 1377 niedergelegt.
1068 1330 1220 1363 Tullius
1247 1330 1488 1373 erwiederte,
1534 1344 1576 1366 er

128 1376 222 1410 habe
258 1376 349 1411 kein
384 1377 482 1411 Geld
520 1377 582 1410 des
620 1377 740 1410 Titels
764 1382 865 1410 *vom
899 1377 1045 1412 Cicero.
1096 1378 1231 1411 Dieser
1264 1384 1344 1425 sagt
1379 1379 1574 1413 desshalb:

129 1424 280 1458 Tullius
309 1431 411 1459 recte
438 1425 604 1472 negavit,
637 1425 706 1458 sibi
740 1424 813 1458 hoo
848 1425 1003 1458 nomine
1037 1426 1239 1470 pecuniam
1272 1426 1450 1459 traditam
1486 1439 1577 1469 esse,

129 1473 315 1505 nimirum
351 1473 504 1506 nomine
543 1472 632 1506 voti.
684 1473 793 1506 Denn
826 1485 868 1507 er
899 1473 1004 1506 hatte
1034 1473 1133 1506 auch
1167 1473 1309 1507 keinen
1333 1473 1467 1507 Befehl
1500 1486 1577 1509 von

128 1520 274 1562 Cicero,
302 1520 363 1553 das
395 1520 493 1554 Geld
517 1532 565 1552 zu
591 1520 732 1554 diesem
760 1521 983 1554 Gebrauche
1009 1521 1264 1569 herzugeben.
1288 1539 1328 1546 —
1350 1523 1576 1565 adoriamur,

127 1568 216 1601 aber
242 1580 322 1600 nun
346 1568 490 1602 wollen
515 1568 590 1601 wir
615 1568 712 1601 auch
738 1570 857 1602 sofort
881 1581 969 1601 zum
996 1569 1122 1603 WVerk
1147 1569 1353 1603 schreiten.
1375 1589 1422 1595 —-
1439 1572 1578 1605 Lucum

125 1616 350 1650 hominibus.
365 1616 623 1661 ..εὐλογίαν
649 1617 671 1649 1.
691 1628 720 1650 6.
750 1627 826 1649 11011
853 1617 980 1660 placet
1004 1618 1090 1650 fana
1107 1611 1323 1651 hominibus
1342 1618 1577 1653 aedificanda

127 1664 167 1696 in
205 1663 292 1696 luco
329 1664 434 1708 poni,
476 1663 540 1695 ubi
577 1674 663 1697 raro
702 1669 913 1697 cernuntur
945 1664 1112 1709 adeoque
1144 1675 1221 1697 non
1254 1664 1392 1699 habent
1424 1666 1502 1699 vim
1528 1666 1576 1700 ad

126 1711 331 1744 memoriae
359 1711 620 1745 celebritatem
651 1713 725 1756 (ep.
748 1714 830 1753 535,
859 1715 891 1746 1.
929 1713 1011 1754 541,
1033 1715 1066 1749 3.
1093 1714 1175 1754 545,
1203 1713 1254 1754 1.)
1283 1717 1320 1747 et
1346 1713 1575 1761 religionem

127 1759 387 1792 instillandam
414 1760 493 1803 (ep.
517 1761 599 1802 561,
626 1762 675 1801 1.)
712 1759 826 1793 Secus
853 1765 908 1793 est
932 1760 973 1793 in
1001 1761 1085 1801 diis,
1113 1760 1178 1804 qui
1203 1772 1274 1805 per
1298 1772 1335 1794 se
1361 1762 1442 1795 noti
1467 1767 1574 1802 sunt;

127 1807 194 1840 sed
219 1806 331 1840 habet
357 1806 520 1852 εὐλογίαν
545 1807 570 1840 1.
600 1818 630 1840 e.
657 1807 823 1851 speciem
851 1808 1102 1852 (probabilem
1129 1809 1325 1842 rationem.
1361 1810 1409 1842 cf.
1430 1821 1486 1854 ep.
1506 1810 1576 1845 595

128 1854 194 1888 sub
221 1854 302 1894 fin.)
340 1855 404 1887 vel
436 1866 482 1887 ex
519 1855 687 1888 nominis
720 1855 946 1894 reverentia,
985 1861 1021 1890 et
1053 1856 1143 1889 inde
1176 1856 1372 1900 probabile
1406 1858 1574 1893 videtur.

126 1902 345 1936 ERNESTI.
381 1901 523 1934 Schfitz
548 1906 715 1947 vuersetzt
745 1902 806 1936 die
831 1903 971 1937 Worte
1005 1915 1065 1937 so:
1100 1905 1278 1946 „Luc-um,
1316 1906 1412 1950 quod
1442 1911 1494 1939 est
1519 1907 1577 1938 de-

124 1953 256 1983 sertior
280 1952 324 1983 ab
351 1950 563 1990 hominihus,
599 1963 669 1983 non
694 1963 778 1984 sane
798 1952 925 1995 probo,
963 1953 1027 1985 sed
1048 1953 1153 1985 habet
1178 1951 1364 1987 εὐωνίαν
1389 1952 1411 1986 1.
1440 1965 1471 1989 e.
1510 1953 1576 1987 sed

126 1997 240 2031 habet
273 2003 400 2031 tamen
436 1997 508 2030 hoc
544 1998 744 2039 commodi,
791 1999 892 2042 quod
940 1999 1091 2033 modico
1129 2000 1255 2044 pretio
1302 2000 1377 2034 emi
1410 2003 1576 2045 potest.“

125 2045 253 2080 Lamb.
282 2046 323 2077 in
351 2045 458 2078 Curis
486 2056 580 2079 sec.:
612 2047 746 2080 Locum
762 2045 859 2090 fano
883 2060 954 2081 non
979 2061 1063 2082 sane
1086 2049 1214 2093 probo,
1250 2050 1346 2094 quod
1374 2053 1425 2083 est
1459 2049 1575 2083 homi-

125 2095 231 2126 nibus
257 2094 442 2127 desertior.
469 2112 517 2118 —-
542 2096 605 2139 qui
630 2098 752 2127 omnia
777 2106 859 2128 mea
886 2095 1033 2143 dirigis.
1061 2116 1102 2121 —
1137 2097 1245 2129 adero
1278 2095 1319 2128 in
1345 2096 1574 2130 Tusculano.

127 2140 210 2173 Vid.
237 2152 294 2184 ep.
321 2140 454 2183 DCVI,
479 2143 502 2175 2
527 2142 592 2174 sub
617 2143 705 2177 fine.
730 2161 776 2167 —
803 2145 944 2176 utinam
971 2144 1076 2177 adsis.
1103 2163 1150 2169 —·
1172 2145 1235 2177 Sin
1262 2146 1352 2189 quid
1372 2149 1409 2178 te
1434 2144 1575 2178 Romae

127 2187 322 2222 detinebit.
364 2206 407 2213 —
456 2191 574 2223 multa
601 2194 694 2223 enim
715 2196 866 2234 possunt
891 2196 928 2225 te
955 2191 1138 2226 detinere.
1172 2211 1219 2217 —
1253 2194 1375 2234 utique
1399 2194 1576 2236 postridie

125 2246 274 2269 mecum
302 2236 358 2270 sis.
394 2236 539 2270 Etenim
565 2238 745 2272 coheredes
771 2249 812 2271 eo
841 2238 902 2272 die
930 2240 1091 2273 aderunt
1116 2240 1209 2283 (vid.
1237 2251 1292 2285 ep.
1315 2236 1492 2281 DCXIII,
1518 2242 1574 2282 6.)

126 2283 154 2319 i.
182 2294 212 2316 6..
239 2283 426 2327 postridie
452 2286 576 2318 Nonas
613 2298 669 2331 ep.
697 2286 849 2320 DCVII.
879 2288 980 2322 SCH.
1007 2307 1052 2312 —
1088 2302 1110 2322 α
1136 2286 1238 2334 qui's.
1255 2289 1425 2321 mnditia
1450 2293 1513 2327 est,
1555 2299 1575 2320 a

129 2330 264 2374 quibus
291 2332 321 2364 si
352 2333 595 2376 opprimerer
626 2340 663 2368 te
697 2334 860 2371 absente,
899 2335 1005 2379 quasi
1039 2337 1174 2369 astutia
1209 2336 1368 2379 quadam
1403 2347 1462 2369 me
1496 2334 1576 2367 cir-

125 2384 371 2412 cumventum
398 2391 474 2414 esse
498 2386 684 2425 putarem.
720 2382 869 2415 Malitia
894 2383 1051 2427 ponitur
1075 2385 1261 2431 ambigue,
1287 2388 1329 2415 ut
1355 2383 1417 2415 vel
1445 2383 1485 2415 in
1514 2393 1576 2415 co-

124 2424 283 2460 heredes
307 2427 371 2460 vel
397 2427 443 2460 ad
468 2427 636 2462 Atticum
671 2430 811 2463 referri
844 2431 973 2474 possit,
1013 2432 1078 2475 qui
1117 2432 1147 2465 si
1175 2424 1398 2465 Ciceronem
1436 2430 1477 2462 in
1502 2429 1576 2463 hoo

126 2474 280 2519 negotio
307 2474 528 2515 destituiset,
554 2476 742 2510 malitiose
770 2477 887 2524 egisse
914 2479 1120 2513 videretur.
1150 2480 1248 2512 SOU.
1277 2478 1338 2511 Sic
1358 2478 1450 2510 Edd.
1472 2489 1576 2511 meae

124 2532 268 2554 01111165.
303 2524 450 2557 militia.
478 2524 548 2557 Md.
578 2525 642 2558 Cd.
668 2525 844 2559 Tornaes.
881 2526 996 2560 Oxon.
1024 2531 1055 2562 1.
1079 2530 1114 2563 2.
1153 2526 1253 2571 quod
1280 2531 1394 2559 esset:
1432 2537 1492 2559 res
1518 2526 1577 2558 la-

124 2568 283 2611 boriosa,
309 2570 477 2604 molesta.
516 2574 588 2606 ΟΒ.

218 2642 251 2675 5.
303 2642 343 2674 de
369 2643 496 2676 Attica
521 2644 718 2689 scripsisti.
755 2644 838 2677 Vid.
867 2656 925 2688 ep.
952 2647 1033 2680 608.
1060 2648 1140 2681 (309.
1175 2663 1221 2670 —
1254 2658 1296 2679 ne
1321 2647 1475 2680 salutem
1502 2648 1579 2691 qui-

126 2688 216 2731 dem,
245 2687 325 2723 dass
351 2688 415 2723 ich
441 2689 548 2724 nicht
574 2692 716 2726 einmal
741 2692 856 2726 einen
883 2693 999 2727 Gruss
1031 2705 1108 2727 von
1142 2692 1206 2726 ihr
1240 2693 1353 2727 dax-in
1388 2693 1504 2727 finde.
1532 2711 1576 2718 -—
