1795 3081
225 77 322 126 144
487 74 553 124 M.
590 77 644 124 Τ.
684 74 1027 125 CICERONIS
1064 75 1441 127 EPISTOLAE.

223 204 303 249 set,
333 204 516 238 cunctus
546 203 830 252 consurgeret
868 203 911 236 ct
939 196 992 237 ad
1022 197 1249 238 Caesarem
1288 199 1470 252 supplex
1507 200 1683 241 accede·

223 260 304 294 ret.
363 254 475 292 Noli
512 266 746 305 quaerere:
777 254 838 292 ita
868 253 977 292 mihi
1008 253 1192 305 pulcher
1221 254 1295 292 hic
1325 255 1416 294 dies
1454 256 1573 295 visus
1604 263 1681 302 est,

223 316 273 350 ut
301 310 488 362 speciem
518 309 708 361 aliquam
738 307 917 348 viderer
945 308 1097 348 videre
1126 310 1247 361 quasi
1279 311 1586 349 reviviscentis
1617 312 1684 350 rei

181 365 431 420 4publicae.
463 364 627 416 'Itaque
657 376 788 416 quum
818 377 964 402 01111195
995 369 1093 402 ante
1123 377 1191 402 me
1224 366 1363 417 rogati
1385 367 1551 418 gratias
1580 364 1685 405 Cae-

221 421 311 460 sari
349 422 540 475 egissent
577 425 752 472 praeter
794 418 1066 468 Volcatium,
1096 420 1217 458 —is
1259 420 1389 468 enim,
1433 421 1470 459 si
1512 434 1560 460 eo
1591 421 1685 459 1000

223 481 350 522 esset,
394 476 569 529 negavit
606 488 650 513 se
681 477 897 513 facturum
930 474 1066 512 fuisse
1096 494 1149 501 —
1179 487 1256 528 ego
1299 481 1476 528 rogatus
1519 477 1686 515 mutavi

222 542 368 568 meum
411 530 656 569 consilium.
725 527 838 567 Nam
878 535 1132 579 statueram,
1173 543 1259 568 non
1290 529 1538 569 mehercule
1568 532 1687 570 iner-

221 587 297 634 tia,
335 583 413 623 sed
443 585 659 624 desiderio
700 585 912 635 pristinae
954 583 1192 639 dignitatis,
1233 586 1279 623 in
1320 591 1581 638 perpetuum
1620 592 1686 625 ta-

222 653 334 679 cere.
393 640 538 690 Fregit
566 640 647 678 hoc
678 652 820 677 meum
850 640 1081 678 consilium
1120 645 1163 679 et
1193 638 1389 679 Caesaris
1428 639 1685 695 magnitudo

221 696 357 734 animi
386 702 429 734 et
458 701 629 734 senatus
661 694 869 733 officium.
910 694 1062 748 Itaque
1091 695 1293 746 pluribus
1317 695 1463 734 verbis
1487 695 1557 749 egi
1581 694 1685 735 Cae-

223 752 311 789 sari
340 752 523 806 gratias:
556 761 712 801 meque
744 755 886 787 metuo
918 763 970 788 ne
1001 751 1132 788 etiam
1169 752 1214 788 in
1251 751 1410 789 ceteris
1448 751 1579 789 rebus
1609 750 1686 789 ho-

224 840 258 873 C.
286 840 479 874 Marcellus
511 840 558 872 M.
592 837 766 871 Marcelli
802 837 924 870 frater
960 837 1147 881 patruelis
1183 837 1271 878 (der
1297 836 1401 871 Sohn
1434 836 1497 872 des
1532 838 1685 872 Oheims

222 897 309 920 vom
329 889 475 920 Marcus
502 886 742 926 Illarcellus);
770 894 858 925 non,
886 889 929 916 ut
954 885 1140 918 Manutius
1166 884 1333 929 putabat,
1359 886 1480 918 frater
1499 886 1579 919 eius
1597 897 1685 932 ger-

222 945 380 975 manus3
405 933 470 966 hic
497 934 614 974 enim,
642 933 708 976 qui
732 934 803 968 705
829 932 962 965 consul
986 933 1123 974 fuerat,
1158 944 1244 965 011111
1271 933 1419 980 collega
1446 934 1489 968 L.
1517 934 1686 967 Lentulo

225 983 349 1016 Crure
377 983 418 1014 in
445 982 548 1015 bello
584 981 690 1014 civili
724 980 907 1025 perierat.
941 999 988 1004 —
1023 982 1100 1014 noli
1126 993 1306 1026 quaerere,
1342 992 1458 1024 quum
1493 993 1554 1015 res
1590 982 1686 1015 eius-

223 1030 328 1064 modi
353 1031 414 1071 sit,
442 1034 484 1062 ut
511 1041 592 1063 eam
619 1040 666 1062 ne
692 1028 808 1075 longa
835 1027 987 1071 quidem
1016 1028 1190 1062 oratione
1223 1039 1294 1073 pro
1330 1029 1530 1062 voluntate
1556 1034 1686 1063 nostra

223 1078 312 1112 satis
340 1077 558 1122 exprimere
584 1087 692 1121 posse
726 1077 936 1109 videamur.
970 1077 1148 1111 MANUF.
1182 1096 1228 1102 —
1265 1077 1324 1110 hic
1350 1077 1435 1110 dies.
1462 1077 1682 1123 Mart.-Lag.

223 1126 324 1160 coni.
353 1127 448 1160 Liin.
476 1128 507 1159 is
533 1126 619 1158 dies.
650 1143 688 1149 —
719 1126 859 1169 vg'clerer·
884 1126 1014 1158 videre.
1042 1125 1147 1159 Vict.
1176 1128 1205 1159 1.
1241 1126 1360 1158 videre
1385 1126 1526 1158 viderer
1551 1130 1685 1158 contra

222 1173 295 1207 Md.
323 1173 396 1207 Sed
421 1174 474 1206 sic
499 1174 576 1207 Lib.
603 1176 636 1209 9.
661 1172 731 1218 Ep.
760 1175 777 1206 1
795 1174 827 1207 5.
859 1173 931 1206 ΟΒ.
971 1172 1063 1209 Ueb.
1093 1172 1155 1207 die
1172 1172 1462 1220 Wortstellung·
1489 1185 1514 1206 s.
1533 1171 1682 1206 Ramsh.

222 1223 250 1266 ξ).
279 1224 361 1263 197,
389 1223 423 1259 4,
449 1233 479 1260 a.

318 1285 354 1317 li.
405 1287 490 1315 ante
515 1293 569 1314 mc
595 1282 735 1326 rogati,
777 1291 848 1313 vor
884 1280 960 1312 mir
993 1292 1057 1312 um
1099 1280 1183 1313 ihre
1217 1280 1377 1314 Stimme
1410 1280 1684 1327 Ausgerusene.

223 1330 321 1363 Ante
349 1330 578 1363 Ciceronem
607 1328 836 1362 sententiam
862 1328 986 1374 rogati
1011 1327 1194 1361 videntur
1222 1340 1266 1361 ex
1292 1328 1418 1362 veteri
1446 1339 1551 1361 more
1578 1339 1684 1360 sena-

223 1383 339 1419 tores,
368 1377 435 1420 qui
461 1377 725 1423 magistratum
747 1380 827 1407 tum
847 1375 1050 1423 gerebant,
1079 1376 1216 1408 deinde
1237 1376 1465 1417 consulares,
1493 1376 1557 1419 qui
1577 1375 1686 1419 prius

224 1437 338 1469 quam
365 1425 446 1469 ipse
473 1424 713 1458 consulatum
739 1427 944 1470 gesserant.
996 1424 1143 1467 Nempe
1170 1424 1306 1456 Caesar
1340 1429 1420 1456 tum
1456 1423 1620 1463 demum,
1655 1422 1686 1455 si

223 1473 370 1521 singuli
396 1471 625 1505 sententiam
652 1471 848 1513 dixissent,
875 1471 991 1515 plane
1018 1477 1145 1505 certus
1171 1471 1257 1504 fieri
1282 1477 1445 1515 poterat,
1480 1483 1528 1504 an
1555 1481 1685 1504 omnes

224 1522 288 1554 vel
316 1525 421 1554 certe
444 1520 609 1565 plurimi
624 1520 802 1553 Marcelli
828 1519 994 1552 reditum
1022 1524 1254 1563 expeterent.
1285 1520 1385 1553 SCH.
1406 1539 1448 1544 —
1467 1520 1685 1556 Volcatium,

225 1570 262 1602 Is
287 1569 363 1601 fuit
387 1568 451 1602 vel
478 1568 519 1604 L.
546 1567 747 1602 Volcatius
772 1567 922 1607 Tullus,
963 1567 1029 1610 qui
1066 1578 1152 1600 cum
1182 1567 1220 1599 L.
1249 1567 1417 1601 Aemilio
1445 1567 1589 1610 Lepido
1616 1568 1687 1602 688

225 1617 358 1650 consul
383 1617 509 1649 fuerat
534 1615 702 1649 triennio
729 1620 816 1648 ante
846 1615 1065 1655 Caesarem;
1109 1615 1174 1647 vel
1202 1615 1303 1658 quod
1332 1615 1579 1648 verisimilius
1616 1619 1684 1655 est,

226 1665 308 1698 cius
335 1664 438 1697 filius
466 1665 508 1697 L.
531 1663 728 1696 Volcatius
748 1663 898 1703 Tullus,
925 1663 988 1695 0111
1008 1663 1141 1696 Caesar
1165 1662 1239 1695 1100
1267 1674 1367 1696 anno
1396 1663 1489 1696 iuris
1517 1662 1686 1702 dicundi,

223 1717 450 1757 potestatem
484 1716 663 1755 tanquam
705 1710 877 1754 praetori
923 1709 1090 1744 dederat.
1130 1711 1232 1743 SCH.
1279 1711 1436 1744 Letzter
1473 1710 1580 1743 ward
1615 1712 1683 1744 721

226 1760 380 1794 Consul.
420 1759 455 1793 S.
484 1771 542 1804 ep.
572 1758 889 1792 CCCCLXXXIV.
933 1776 981 1782 —
1024 1762 1171 1803 negavit
1204 1759 1424 1806 Mart-Lag.
1465 1757 1549 1791 Sch.
1587 1758 1681 1791 Liin.

223 1812 256 1843 is
297 1811 391 1842 enim
432 1811 484 1841 sic
524 1820 562 1840 eo
597 1809 675 1840 loco
716 1809 865 1850 negavit
911 1805 1030 1846 (denn
1073 1806 1196 1840 dieser
1240 1805 1431 1840 erklarte:
1472 1818 1514 1839 er
1551 1805 1686 1839 w‘u‘rde

223 1868 269 1889 an
317 1856 446 1889 C'asars
489 1854 611 1889 Stelle
657 1854 766 1886 nicht
807 1865 846 1887 so
888 1854 1053 1901 gesallig·
1095 1865 1218 1902 gegen
1259 1855 1463 1887 Marcellus
1508 1865 1685 1902 gewcsen

223 1904 335 1946 sein.)
386 1903 570 1937 Pessime:
610 1901 799 1936 sententia
837 1906 912 1934 est:
962 1901 1021 1943 „si
1054 1901 1135 1946 ipse
1171 1902 1368 1936 restitutus
1404 1906 1497 1936 esset
1536 1914 1553 1933 a
1594 1901 1685 1934 Cae-

224 1963 327 1994 sare,
372 1963 410 1985 se
450 1950 592 1998 gratias
639 1955 813 1982 acturum
854 1949 969 1983 fuisse
1014 1950 1181 1997 negavit.
1233 1950 1421 1984 ORELLI.
1493 1948 1686 1987 N'amlich‚

223 2012 339 2034 wenn
366 2011 408 2034 er
434 1999 504 2032 der
529 1997 952 2044 Wiederhergestellte
977 1999 1092 2039 w‘zire,
1121 1997 1190 2031 der
1214 1997 1297 2030 sich
1324 1999 1396 2031 Das
1423 2009 1547 2045 geg-en
1575 1997 1687 2030 Cesar

222 2047 329 2082 h'zitte
354 2060 402 2081 zu
428 2045 626 2080 Schulden
652 2046 836 2079 kommen
862 2045 997 2086 1assen,
1032 2057 1107 2078 was
1134 2046 1338 2079 Marcellus
1372 2046 1425 2078 als
1452 2045 1594 2078 Consul
1621 2056 1687 2091 ge-

225 2107 301 2143 gen
327 2095 398 2128 ihn
425 2094 594 2144 gethan5
630 2104 669 2127 so
696 2093 830 2127 wiirde
865 2104 907 2126 er
932 2093 1030 2126 auch
1056 2093 1198 2128 keinen
1226 2093 1430 2127 Gebrauch
1455 2104 1531 2126 von
1557 2092 1686 2126 Casars

226 2143 361 2177 Gnade
387 2141 561 2182 macheu,
589 2141 644 2175 sie
671 2141 754 2174 ihm
781 2140 893 2174 nicht
917 2141 1033 2174 Dank
1060 2142 1212 2176 wissen.
1262 2141 1311 2175 So
1349 2153 1418 2189 arg
1450 2140 1544 2174 habe
1577 2141 1687 2174 iener

225 2203 352 2242 geg-en
378 2188 737 2228 Casamverfahren.
787 2189 864 2222 Aus
880 2188 1139 2237 Erbitterung
1164 2190 1231 2223 auf
1253 2189 1329 2223 den
1351 2189 1512 2225 Marcell
1537 2188 1686 2233 spricht

225 2252 268 2275 er
293 2250 345 2273 so,
372 2239 457 2286 Vgl.
486 2249 543 2282 ep.
571 2240 656 2276 464,
684 2240 725 2272 3:
754 2237 816 2272 Sic
844 2236 948 2271 enim
974 2236 1153 2271 intellexi
1181 2242 1251 2272 cet.
1280 2257 1323 2262 —
1350 2240 1500 2276 inertia,
1528 2248 1592 2269 aus
1617 2235 1686 2270 Be-

224 2286 523 2333 quemlichkeit.
551 2304 598 2310 —
624 2287 732 2319 desid.
757 2288 937 2329 pristinae
962 2286 1174 2330 dignitatis,
1200 2285 1321 2326 „weil
1348 2285 1415 2318 ich
1442 2285 1504 2318 die
1531 2284 1685 2318 ehema-

223 2337 306 2383 lige
334 2334 488 2369 Wiirde
515 2333 578 2367 des
605 2332 887 2380 Stimmgebens
912 2333 1153 2367 vermisste.“
1203 2334 1315 2367 Denn
1342 2345 1378 2367 es
1405 2332 1569 2366 deuchte
1594 2332 1684 2372 mir,

224 2396 261 2418 es
289 2381 478 2431 gesch'ahe
505 2381 569 2414 das
597 2393 671 2413 nur
695 2393 783 2414 zum
810 2380 985 2414 Scheine.
1023 2400 1069 2406 —
1105 2383 1234 2426 Fregit
1260 2386 1350 2421 cet.,
1384 2381 1475 2414 aber
1502 2392 1538 2413 es
1565 2380 1685 2412 brach

224 2431 318 2471 sich,
343 2431 421 2464 wie
448 2430 510 2463 die
536 2429 667 2463 Welle
694 2441 743 2462 an
771 2429 895 2463 einem
920 2428 1070 2470 Felsen,
1109 2440 1147 2463 so
1186 2429 1297 2462 iener
1322 2429 1428 2462 mein
1455 2427 1684 2462 Entschluss

223 2493 272 2514 zu
298 2477 517 2526 schweigen
544 2477 652 2510 einer
677 2476 773 2510 Seits
799 2488 848 2509 an
874 2476 1004 2510 C‘asars
1031 2476 1381 2522 Grossherzigkeit‚
1408 2476 1561 2509 and'rer
1584 2475 1683 2509 Seits

225 2540 272 2561 an
305 2528 374 2561 der
400 2524 613 2560 Liebeedes
639 2524 772 2558 Senats
805 2536 853 2557 zu
889 2524 1017 2558 einem
1049 2525 1179 2559 seiner
1212 2524 1438 2571 Mitglieder
1475 2524 1508 2558 d.
1536 2524 1560 2556 i.
1595 2534 1685 2555 zum

223 2575 396 2609 Marcell.
424 2594 467 2600 —
495 2576 555 2618 egi
580 2573 728 2606 Caesari
750 2575 907 2618 gratias.
956 2572 1002 2606 Id
1025 2574 1165 2606 factum
1193 2583 1271 2605 esse
1297 2572 1422 2605 adhue
1448 2582 1577 2606 omnes
1613 2570 1684 2603 sibi

223 2627 491 2668 persuaserant
523 2621 697 2655 oratione
728 2631 798 2665 pro
825 2621 1024 2662 Marcello,
1059 2632 1155 2665 quae
1183 2625 1303 2654 exstat
1330 2620 1436 2654 inter
1462 2618 1684 2652 Ciceronia-

223 2682 313 2712 nas;
342 2670 462 2704 donec
487 2670 528 2703 F.
556 2669 598 2702 A.
617 2668 784 2703 Wolfius
809 2668 922 2702 huius
948 2668 1129 2703 orationis
1155 2670 1304 2702 νοθείαν
1331 2667 1540 2701 luculentis
1568 2678 1684 2714 argu·

223 2719 364 2753 mentis
390 2718 703 2758 demonstrasset3
741 2717 783 2750 in
817 2716 954 2761 quibus
987 2717 1052 2751 vel
1086 2715 1364 2750 confirmandis
1398 2715 1463 2749 vel
1501 2713 1684 2762 augendis
