1795 3081
554 75 871 125 EPISTOLA
908 74 1134 124 CCCCX.
1531 79 1594 125 27

135 197 276 238 libero
308 197 454 251 aliquo
494 196 592 236 loco
631 197 957 236 commoraturi.
1017 196 1133 249 Quid
1163 196 1273 236 mihi
1301 199 1438 251 igitur
1467 205 1594 253 putas

136 252 377 307 agendum?
408 250 551 291 Video
577 250 760 291 difficile
790 264 883 291 esse
912 254 1153 291 consilium.
1198 251 1303 292 Sum
1334 255 1449 294 enim
1478 255 1595 293 solus

135 313 211 347 aut
240 322 340 348 cum
369 308 529 357 altero,
580 308 652 346 cui
693 319 835 359 neque
873 304 930 346 ad
966 307 1061 346 illos
1090 306 1258 347 reditus
1288 310 1343 348 sit
1372 322 1511 362 neque
1540 310 1594 348 ab

135 363 203 402 his
233 365 337 417 ipsis
367 360 603 415 quidquam
633 361 687 400 ad
716 374 836 414 spem
871 361 1135 401 ostendatur.
1194 361 1281 402 Sed
1309 369 1452 403 tamen
1483 365 1595 403 scirc

136 418 285 464 velim,
317 417 421 471 quid
450 430 647 455 censeas:
680 415 812 469 idque
843 422 936 455 erat
959 430 1060 456 cum
1090 417 1202 467 aliis,
1234 431 1313 457 cur
1341 426 1397 463 te,
1429 420 1467 458 si
1495 419 1594 457 fieri

135 479 296 525 posset,
328 485 534 525 cuperem
559 472 721 511 videre.
755 470 1008 511 Minucium
1028 485 1102 510 xu.
1125 473 1215 512 sola
1242 487 1416 513 curasse
1439 475 1595 527 scripsi
1611 476 1637 514 2

137 527 191 566 ad
228 534 270 568 te
307 533 454 566 antea:
511 526 628 579 quod
667 533 887 579 superest,
931 527 1064 566 velim
1102 524 1272 578 videas,
1314 535 1364 567 ut
1400 535 1594 568 curetur.

137 582 326 632 Quintus
356 595 442 620 non
471 580 598 620 modo
630 593 714 619 non
744 594 844 620 cum
863 594 1018 636 magna
1045 593 1175 635 prece
1192 582 1247 621 ad
1266 596 1346 627 me,
1379 583 1453 622 sed
1476 596 1596 623 acer-

135 637 310 676 bissime
339 638 536 689 scripsit:
568 636 684 675 filius
715 648 820 675 vero
850 638 1037 675 mirifico
1066 635 1179 676 odio.
1231 637 1355 677 Nihil
1385 639 1491 692 fingi
1523 652 1598 690 po-

137 697 222 730 test
250 692 378 742 mali,
425 704 508 744 quo
540 704 624 730 non
655 704 827 744 urgear.
888 690 1047 731 Omnia
1075 697 1217 732 tamen
1249 699 1351 732 sunt
1381 694 1596 743 faciliora,

136 760 265 799 quam
296 748 465 800 peccati
496 745 633 794 dolor,
666 748 739 799 qui
770 751 812 784 et
833 748 1047 786 maximus
1068 753 1199 787 estet
1219 753 1439 787 aeternus:
1471 750 1597 787 cuius

135 803 304 854 peccati
334 802 371 840 si
400 802 540 840 socios
571 814 709 840 essem
738 799 966 841 habiturus
998 814 1091 857 ego,
1122 815 1229 855 quos
1255 805 1423 856 putavi,
1454 809 1597 842 tamen

137 863 249 896 esset
277 856 519 896 consolatio
551 859 709 896 tenuis.
766 853 851 895 Sed
879 856 1012 896 habet
1040 858 1227 897 aliorum
1258 860 1453 897 omnium
1482 860 1597 896 ratio

135 913 314 961 exitum,
345 924 440 949 mea
470 912 652 949 nullum.
712 911 805 949 Alii
834 914 971 965 capti,
1001 912 1079 951 alii
1107 914 1334 952 interclusi
1365 926 1448 951 non
1477 914 1598 952 veni-

136 973 217 1007 unt
246 969 291 1006 in
321 965 501 1005 dubium
531 963 581 1005 de
612 966 860 1015 voluntate5
904 979 955 1005 eo
985 968 1130 1008 minus
1163 969 1357 1017 scilicet,
1389 982 1523 1021 quum
1555 981 1599 1006 se

137 1021 408 1075 expedierint
437 1026 479 1060 et
506 1034 592 1059 una
622 1034 711 1060 esse
741 1023 977 1075 coeperint.
1038 1022 1076 1061 li
1105 1030 1250 1062 autem
1281 1025 1385 1077 ipsi,
1417 1024 1492 1076 qui
1522 1036 1600 1062 sua

135 1077 364 1117 voluntate
394 1076 448 1115 ad
478 1076 646 1114 Fufium
675 1082 914 1128 venerunt,
956 1076 1070 1116 nihil
1112 1085 1292 1130 possunt
1330 1079 1414 1116 nisi
1453 1077 1600 1117 timidi

100 1158 107 1163 -
137 1132 394 1171 existimari.
438 1130 573 1170 Multi
602 1137 747 1169 autem
778 1137 894 1175 sunt,
926 1133 1016 1184 qui,
1048 1135 1298 1186 quicunque
1327 1139 1439 1183 sunt,
1471 1132 1600 1172 modo

137 1185 192 1225 ad
220 1187 318 1225 illos
349 1199 394 1225 se
424 1186 622 1238 recipere
652 1187 800 1232 velint,
832 1188 1116 1240 recipientur.
1174 1189 1269 1241 Quo
1299 1190 1442 1227 minus
1473 1187 1600 1227 debes

138 1277 432 1309 commoraturi.
482 1274 668 1309 MANUT.
696 1294 742 1300 —
770 1279 856 1309 item
882 1288 922 1309 esc
934 1278 1038 1311 Asia.
1089 1275 1205 1321 Vrgl.
1233 1276 1485 1323 vorig.Brios
1505 1276 1543 1321 ς.
1570 1280 1600 1313 1.

139 1323 309 1366 itemque
343 1324 384 1356 in
413 1323 511 1356 Asia.
561 1323 665 1356 Hinc
692 1323 818 1359 hamb.
847 1323 948 1358 coni.
986 1326 1073 1358 item
1100 1326 1163 1367 qus·
1189 1326 1225 1356 in
1251 1325 1353 1358 Asia.
1404 1322 1477 1357 Sed
1513 1334 1601 1369 sup-'

138 1371 272 1415 plend.
299 1370 387 1403 illic
413 1371 518 1410 ὀντες.
561 1387 600 1395 -
640 1375 704 1402 aut
730 1383 808 1403 cum
836 1374 966 1407 altero.
1017 1372 1063 1404 D.
1089 1370 1246 1410 Laelio,
1282 1383 1396 1415 quem
1424 1378 1555 1406 tamen
1582 1386 1602 1406 a

141 1418 378 1451 Caesarianis
415 1423 617 1462 receptum
657 1417 733 1450 iam
769 1430 845 1451 esse
878 1418 1070 1463 superiori
1107 1418 1270 1462 epistola
1307 1420 1474 1463 scripsit.
1526 1420 1601 1453 Sed

140 1465 297 1498 videtur
335 1465 462 1498 minus
503 1471 652 1498 certum
688 1466 727 1498 id
762 1467 900 1508 fuisse,
940 1467 971 1499 si
1005 1465 1163 1509 quidem
1199 1466 1316 1510 paulo
1352 1474 1435 1510 post
1462 1467 1502 1500 in
1530 1467 1602 1500 hac

140 1513 301 1557 epistola
326 1513 478 1546 scribit:
510 1513 629 1545 Solius
647 1520 964 1558 mcumpeccatum
984 1515 1125 1557 corrigi
1149 1526 1220 1546 non
1242 1519 1362 1558 potest
1388 1514 1603 1559 el·f0ri·(1sse

139 1560 280 1600 Luem,-
306 1571 352 1593 ex
379 1571 454 1603 quo
475 1560 722 1592 manifestum
742 1566 796 1594 est
817 1561 1013 1595 incertum
1038 1560 1163 1593 adhuc
1183 1560 1313 1602 fuisse,
1341 1574 1435 1595 num
1447 1564 1602 1597 Laelius

140 1614 235 1641 esset
261 1614 447 1652 receptus.
498 1607 684 1642 MANUT.
712 1625 756 1632 —
782 1622 890 1653 neque
925 1609 975 1641 acl
1010 1609 1093 1641 illos
1119 1609 1382 1653 Pompeianos,
1410 1627 1453 1634 —
1480 1612 1523 1644 ab
1548 1612 1604 1645 his

140 1658 231 1700 ipsis
258 1654 507 1691 Caesarianis.
542 1656 625 1690 Asc.
662 1658 694 1690 1.
724 1655 826 1690 Crat.
863 1657 965 1690 Vict.
995 1658 1028 1691 1.
1056 1656 1187 1691 Lamb.
1226 1660 1273 1690 iis
1305 1660 1407 1703 ipsis,
1441 1676 1487 1683 --
1526 1672 1605 1693 cum

141 1705 229 1737 aliis
262 1702 287 1739 i.
317 1713 348 1737 e.
384 1702 472 1736 aliis
508 1703 649 1744 causis,
689 1703 796 1745 „und
835 1703 932 1737 ‹liess
971 1714 1053 1739 war
1091 1710 1206 1738 unter
1241 1705 1389 1740 andern
1415 1705 1514 1739 auch
1540 1708 1605 1741 ein

144 1751 294 1790 Grund,
321 1752 511 1784 warum.“

235 1799 269 1833 2.
322 1798 461 1843 Scripsi
486 1798 535 1831 acl
556 1804 590 1832 te
618 1804 736 1832 ansere.
764 1798 869 1832 Haec
897 1799 1058 1843 epistola
1082 1811 1159 1833 non
1185 1806 1316 1836 exstat.
1347 1802 1448 1836 SCH.
1477 1802 1605 1838 Uobor

145 1846 281 1879 Minue
308 1858 335 1881 s.
364 1846 398 1881 d.
427 1847 552 1893 vorig.
582 1847 693 1878 Brief
714 1846 751 1888 ς.
771 1850 805 1881 3.
833 1866 879 1871 --
897 1848 1095 1891 faciliora,
1125 1847 1292 1881 lcichter
1318 1862 1365 1882 zu
1393 1857 1542 1898 tragon.
1564 1847 1603 1876 -'-

139 1897 284 1938 peccati
308 1894 424 1934 dolor,
453 1894 552 1937 quod
582 1895 622 1926 in
652 1895 802 1928 ltaliam
832 1906 849 1927 a
878 1906 1007 1942 pugna
1023 1895 1240 1928 Pharsalica
1269 1899 1462 1932 venerim.
1502 1899 1602 1932 Sel-1.

143 1942 186 1974 Iu
215 1942 286 1974 den
315 1943 478 1988 vorigen
506 1942 662 1975 Briefen
691 1949 813 1975 neunt
841 1953 883 1975 er
910 1955 946 1976 es
973 1944 1089 1986 culpa.
1119 1961 1163 1967 -
1189 1947 1300 1977 socios
1333 1958 1440 1979 essem
1465 1946 1606 1980 hahitu-

142 2000 204 2022 ras
228 2001 302 2034 ego.
353 1989 407 2022 De
435 1990 589 2023 Corrad.
619 1996 655 2023 et
681 1989 836 2034 Malasp.
866 2001 964 2034 susp.
992 1991 1122 2026 Lamb.
1151 2004 1216 2025 eos.
1259 1992 1398 2029 Placet.
1431 1995 1505 2030 GR,
1534 2007 1606 2027 zur

142 2036 263 2070 Sache
288 2036 411 2083 vergl.
441 2037 702 2081 ep.CCCCIX‚
731 2040 749 2071 1
775 2050 834 2070 am
850 2038 961 2071 Funde
987 2038 1067 2070 und
1084 2038 1261 2074 CCCCII.
1290 2042 1411 2087 geg-en
1425 2042 1604 2076 Ende—

144 2089 230 2118 esset
269 2097 309 2117 ecc
348 2086 477 2119 consol.
521 2085 598 2118 Md.
634 2096 653 2117 a
689 2096 762 2118 sec.
792 2098 841 2120 m.
871 2086 991 2122 oxon.
1020 2089 1052 2119 1.
1079 2088 1115 2121 2.
1144 2088 1228 2122 Asc.
1257 2091 1290 2124 1.
1321 2089 1420 2122 Crat.
1461 2109 1502 2115 -
1534 2103 1605 2124 non

143 2135 291 2167 veniunt
312 2135 349 2166 in
368 2132 445 2164 duh.
474 2133 512 2164 de
537 2135 603 2166 vel.
631 2134 655 2165 i.
674 2144 702 2166 e.
733 2143 810 2165 non
840 2133 1057 2167 existimari
1079 2139 1236 2178 possunt
1255 2136 1421 2170 noluisse
1446 2137 1487 2170 in
1500 2139 1605 2170 Afri-

145 2191 228 2213 cam
258 2182 328 2217 ire,
356 2180 386 2212 si
414 2180 571 2224 quidem
601 2181 703 2225 capti
730 2193 749 2213 a
772 2181 928 2214 Caesare
955 2188 1020 2214 aut
1046 2181 1250 2216 interclusi
1276 2195 1353 2217 non
1379 2192 1603 2228 potuerunt.

145 2227 330 2262 MANUT.
357 2247 402 2252 —
431 2241 469 2262 eo
494 2232 612 2261 minus
637 2230 727 2269 πέλ,
756 2228 781 2263 i.
811 2241 839 2262 e.
869 2229 899 2261 si
928 2228 1095 2262 exeundi
1130 2230 1233 2264 viam
1269 2232 1375 2265 nacti
1412 2233 1458 2266 ad
1493 2245 1604 2267 exer-

147 2276 504 2308 citumAfricanum
533 2288 570 2308 se
598 2276 854 2310 contulerint.
883 2277 1005 2309 multo
1033 2277 1163 2310 minus
1188 2279 1229 2311 in
1256 2278 1413 2312 dubium
1441 2281 1605 2315 venient

147 2323 193 2356 de
210 2323 420 2356 voluntate.
448 2323 632 2357 MANUT.
650 2344 691 2350 —
707 2324 756 2356 ad
770 2325 808 2367 Q.
821 2324 964 2368 Fufium
981 2324 1182 2366 Calenum,
1201 2337 1314 2370 quem
1333 2327 1482 2368 Caesar,
1499 2329 1604 2362 victo

148 2371 189 2403 iu
229 2371 423 2403 Pharsalia
458 2371 665 2415 Pompei0‚
719 2372 882 2404 Achaiae
929 2373 1180 2417 praefecerat.
1239 2374 1425 2409 MANUT.
1474 2376 1508 2410 S.
1544 2388 1602 2421 ep.

149 2416 330 2459 CCCCH,
357 2419 413 2451 21.
442 2437 482 2443 -
513 2420 638 2452 timidi
670 2423 895 2459 cxistz'marz'3
941 2425 1135 2454 venerunt
1161 2421 1266 2454 enim
1296 2435 1359 2455 sua
1393 2432 1528 2467 sponte
1565 2426 1603 2456 in

148 2465 319 2499 Caesaris
345 2472 587 2510 potestatem,
617 2479 663 2500 ue
690 2467 859 2501 hostium
889 2468 972 2501 loco
999 2467 1124 2501 habiti
1145 2469 1408 2504 calamitatem
1433 2472 1602 2515 aliquam

149 2512 337 2552 subirent,
364 2524 476 2556 quam
504 2515 696 2558 supplices
722 2526 758 2547 se
785 2526 891 2559 posse
920 2516 1094 2562 effugere
1121 2523 1337 2560 sperarunt.
1363 2518 1448 2565 Ego
1475 2527 1603 2552 autem

149 2570 226 2593 non
246 2560 407 2593 timidus
433 2562 555 2594 solum
582 2562 798 2595 existimari
825 2574 991 2606 possum,
1020 2562 1085 2597 sed
1105 2563 1276 2598 Caesaris
1301 2565 1467 2608 quodam
1492 2567 1604 2600 modo

150 2608 332 2652 cupidus,
376 2609 441 2651 qui
480 2610 520 2642 in
550 2609 703 2642 Italiam
738 2611 844 2653 quasi
873 2615 1120 2655 conspectum
1147 2612 1310 2645 victoris
1336 2619 1518 2657 appetens
1546 2626 1605 2648 me

150 2655 399 2688 contulerim.
452 2655 636 2692 MANUT.
662 2676 708 2682 —-
735 2658 839 2691 modo
863 2668 911 2691 Ξ
936 2670 1050 2691 wenn
1087 2670 1174 2695 nur.
1214 2659 1251 2696 S,
1278 2660 1431 2696 Ramsh.
1458 2661 1497 2705 ς
1526 2666 1605 2697 190,

152 2702 262 2736 Anm.
278 2705 309 2737 8.
340 2703 488 2740 Grotef.
508 2704 546 2749 §.
563 2706 644 2741 422.
672 2724 718 2730 —
743 2707 866 2740 velint.
918 2706 981 2740 Sic
1004 2718 1049 2741 ex
1070 2706 1219 2754 legibus
1244 2716 1448 2754 grammat.
1477 2710 1605 2743 hamb.
