1795 3081
20 0 26 86 t
541 60 871 114 EPISTOLA
904 62 1130 116 DXLVI.
1464 65 1564 114 269

100 183 377 227 suetudinem
406 195 605 235 revocem,
641 185 726 224 fuit
762 196 907 224 meum
937 184 1113 237 quidem
1152 186 1240 225 iarn
1267 183 1439 240 pridem
1469 197 1566 225 rem

100 243 323 296 publicam
355 242 529 296 lugere,
561 239 679 293 quod
707 240 937 290 faciebam,
968 240 1044 279 sed
1073 242 1237 281 mitius.
1294 242 1400 280 Erat
1428 243 1564 293 enim,

100 298 180 336 ubi
208 297 544 349 acquiescerem.
602 294 732 334 Nunc
752 295 881 347 plane
904 308 984 334 nec
1004 308 1084 350 ego
1115 298 1284 336 victum
1315 309 1394 335 nec
1422 297 1564 336 vitam

101 353 224 393 illam
255 353 402 390 colere
432 363 632 403 possum:
671 362 752 389 nec
790 351 836 388 in
867 363 917 388 ea
959 363 1022 401 re,
1062 351 1168 403 quid
1205 353 1305 391 aliis
1340 351 1564 402 videatur,

99 408 212 447 mihi
253 413 360 460 puto
400 404 655 444 curandum.
713 404 816 445 Mea
859 405 969 446 mihi
1010 408 1279 445 conscientia
1318 408 1460 459 pluris
1499 412 1566 446 est

101 476 234 515 quam
263 462 459 500 omnium
489 473 646 499 sermo.
707 459 835 511 Quod
864 474 933 499 me
972 462 1065 513 ipse
1104 475 1184 515 per
1213 463 1366 500 literas
1407 474 1563 501 consoa·

100 518 216 556 latus
245 531 356 566 sum,
386 529 472 554 non
503 517 696 567 poenitet
729 528 812 566 me,
850 522 1060 568 quantum
1099 518 1379 569 profecerim.
1438 518 1562 556 Mae-

101 586 252 612 rorem
282 572 444 610 minui:
476 569 677 609 dolorem
706 583 787 610 nec
816 572 942 623 potui
972 585 1066 621 nec,
1097 574 1134 610 si
1163 574 1364 625 posse1n,'
1385 574 1561 612 vellem.

100 627 168 667 De
187 627 384 676 Triario,
408 627 516 665 bene
539 627 850 677 interpretaris
875 626 1147 666 voluntatem
1172 641 1325 667 meam.
1358 627 1428 666 Tu
1452 640 1560 667 vero
1576 624 1603 665 3

101 683 231 733 nihil,
279 683 365 720 nisi
402 687 452 719 ut
490 681 560 718 illi
599 681 765 720 volent.
822 680 935 719 Amo
979 683 1107 720 illum
1149 689 1397 731 mortuum,
1438 689 1565 722 tutor

100 751 196 777 sum
226 737 403 785 liberis;
434 742 572 775 totam
603 734 781 775 domum
818 735 970 791 diligo.
1028 737 1094 776 De
1125 737 1398 778 Castriciano
1430 751 1565 793 nego-

101 795 182 843 tio,
211 794 248 831 si
278 791 520 831 Castricius
550 803 631 844 pro
661 792 894 844 mancipiis
930 794 1157 845 pecuniam
1201 795 1403 846 accipere
1440 795 1566 832 volet

102 860 283 901 eamque
313 848 353 886 ei
381 847 510 894 solvi,
540 852 590 885 ut
618 859 733 885 nunc
763 848 969 898 solvitur,
1002 854 1121 888 certe
1150 849 1265 887 nihil
1287 856 1351 888 est
1369 862 1563 888 comino-

100 902 212 943 dius.
271 901 350 941 Sin
378 908 524 941 autem
553 903 616 940 ita
645 907 789 941 actum
818 908 896 951 est,
927 909 976 942 ut
1006 904 1100 956 ipsa
1129 906 1347 958 mancipia
1375 905 1565 944 abduce-

102 965 186 1009 ret,
216 971 304 996 non
333 957 444 995 mihi
472 955 653 996 videtur
682 970 773 996 esse
803 970 1012 1009 aequum:
1051 980 1108 987 —
1146 972 1276 1015 rogas
1318 962 1435 999 enim
1478 973 1564 1010 me,

101 1086 201 1107 mam
228 1073 274 1106 ad
301 1085 383 1106 rem
408 1072 604 1117 publicam
633 1077 669 1106 et
690 1072 730 1105 in
749 1072 889 1114 forum,
918 1084 963 1106 ex
984 1079 1113 1107 mente
1132 1074 1260 1108 Attici.
1314 1074 1451 1108 Cicero
1474 1086 1566 1108 con-

101 1121 339 1155 suetudinem
379 1132 483 1153 suam
536 1120 631 1152 dicit
672 1131 761 1160 esse,
811 1132 892 1153 rem
931 1120 1126 1165 publicam
1164 1122 1322 1169 lugere3
1373 1122 1436 1156 sed
1475 1135 1563 1156 eum

101 1171 251 1202 luctum
277 1168 471 1202 mitiorem
498 1167 612 1201 fuisse
647 1169 732 1201 viva
757 1166 905 1209 Tullia3
945 1168 992 1201 ad
1026 1169 1189 1203 alteram
1225 1171 1391 1215 priscam
1430 1171 1563 1205 redire

101 1229 140 1251 se
177 1227 255 1250 non
285 1227 405 1261 posse.
442 1216 554 1250 ERN.
604 1216 694 1262 vgl.
733 1227 789 1260 ep.
818 1219 900 1258 538,
931 1219 952 1251 5
980 1217 1058 1249 und
1083 1220 1164 1258 541,
1193 1221 1225 1252 1.
1263 1237 1310 1243 —
1346 1220 1444 1251 Erat
1470 1222 1565 1253 enim

101 1265 245 1305 Tullia,
272 1267 334 1298 uhi
359 1277 450 1309 aeq„
477 1263 536 1297 die
564 1264 669 1296 mein
688 1264 856 1297 Gemiith
881 1276 929 1296 zu
953 1264 1168 1313 beruhigen
1187 1271 1338 1301 wusste.
1356 1282 1397 1291 ’ἡ
1413 1269 1564 1306 victum,

102 1314 191 1347 iene
218 1313 292 1345 alte
319 1312 600 1351 Lebensweise5
627 1314 754 1351 vitam,
780 1311 1103 1361 Besch‘aftigung3
1136 1327 1200 1347 nec
1223 1319 1358 1348 victum
1384 1317 1563 1349 urbanum

103 1367 140 1395 et
174 1361 392 1399 lautiorem,
436 1371 499 1392 nec
531 1362 645 1391 vitam
689 1362 792 1393 illam
826 1360 1021 1402 urbanam,
1063 1361 1297 1409 negotiosam
1337 1368 1409 1398 etc.
1448 1366 1563 1398 colere

102 1410 290 1455 (pflegen)
313 1420 468 1452 possum.
496 1406 620 1447 ERN„
648 1408 713 1450 qui
744 1419 842 1452 susp.
869 1410 1039 1443 tolerare.
1058 1428 1104 1434 —
1131 1414 1290 1444 omnium
1311 1423 1438 1445 ser-me.
1467 1412 1559 1459 Vgl.

103 1468 162 1501 ep.
190 1459 272 1497 538,
300 1459 333 1490 5.
365 1474 403 1480 —
428 1467 498 1500 per
521 1457 649 1488 literas
674 1455 696 1492 i,
727 1467 758 1488 e.
784 1466 856 1500 per
881 1457 1023 1489 librum
1050 1469 1175 1491 meum
1209 1458 1253 1491 de
1281 1458 1561 1495 Consolatione.

103 1505 194 1538 Vid.
223 1516 280 1548 ep.
307 1506 388 1544 530,
416 1507 448 1538 3.
487 1505 569 1541 526,
595 1505 632 1537 2.
661 1522 701 1527 —
730 1509 906 1548 quantum
929 1504 1086 1550 prosec.‚
1114 1506 1186 1539 wie
1212 1507 1345 1554 wenig
1371 1506 1435 1540 ich
1461 1508 1561 1541 auch

103 1552 223 1585 damit
249 1552 361 1598 mog-e
387 1551 646 1598 ausgerichtet
670 1549 806 1585 haben.
834 1571 878 1577 —
904 1556 1151 1587 mamellem.
1185 1554 1293 1587 Esset
1317 1556 1421 1588 enim
1444 1555 1562 1589 inhu-

101 1611 276 1640 manum,
314 1598 447 1631 amissa
479 1599 590 1630 unica
626 1603 663 1631 et
696 1599 764 1631 tali
799 1600 892 1641 filia,
927 1612 1003 1634 non
1030 1601 1173 1635 dolere.
1200 1603 1380 1636 MANUT.
1420 1602 1560 1646 Simul,

102 1648 206 1691 quod
232 1646 430 1680 Ernestius
458 1651 602 1687 monet,
639 1646 935 1695 intelligendum
963 1649 1009 1682 de
1038 1651 1327 1683 conservatione
1353 1653 1560 1686 memoriae

103 1696 195 1737 eius,
223 1705 335 1738 quam
363 1694 554 1738 deponere
580 1705 656 1727 non
682 1695 768 1727 vult
795 1701 831 1729 et
856 1696 896 1728 in
923 1708 995 1741 qua
1020 1697 1227 1742 repetenda
1263 1698 1374 1733 dolor
1409 1710 1562 1746 semper

101 1743 270 1777 iacturae
297 1742 442 1776 redibat
468 1753 555 1776 cum
580 1742 764 1776 suavitate
791 1744 963 1788 quadam.
1004 1746 1104 1779 SCH.

196 1806 231 1838 3.
281 1804 336 1836 De
361 1803 518 1836 Triario.
571 1803 789 1837 Vielleicht
823 1803 891 1837 der
928 1804 969 1837 C.
1005 1805 1189 1847 Triarius,
1228 1805 1296 1842 der
1331 1807 1377 1841 de
1411 1806 1560 1842 Finibb.

100 1850 131 1891 I,
158 1853 180 1885 3
217 1849 271 1882 als
308 1850 370 1884 ein
406 1850 588 1895 inprimis
614 1851 741 1894 gravis
781 1856 818 1884 et
855 1852 985 1885 doctus
1020 1854 1236 1888 adolescens
1271 1855 1454 1902 geriihmt
1479 1856 1561 1889 und

102 1898 266 1931 daselbst
300 1899 353 1931 als
382 1898 550 1932 redende
576 1900 715 1932 Person
747 1899 968 1946 aufg‘efiihrt
1004 1901 1116 1934 wird.
1163 1902 1254 1950 Vgl.
1282 1904 1385 1936 Brut.
1414 1906 1472 1939 76.
1512 1903 1561 1936 ad.

101 1946 238 1979 Famil.
265 1947 369 1985 VIII,
394 1949 426 1981 7.
464 1946 565 1979 Caes.
593 1946 632 1980 B.
661 1947 744 1981 Civ.
772 1947 842 1988 111,
870 1949 902 1982 5.
939 1949 994 1981 Er
1027 1950 1160 1982 verlor
1195 1951 1249 1983 im
1276 1950 1560 1999 Biirgerkriege

101 1994 183 2026 sein
221 1994 349 2027 Leben
383 1995 436 2027 als
471 1994 753 2028 Commandeur
788 1995 897 2029 einer
929 1997 1269 2041 Pompeianischen
1296 1999 1434 2038 Floste,
1488 1999 1559 2032 Die

100 2041 421 2081 Familiensache,
448 2053 587 2075 wovon
614 2042 702 2076 hier
728 2043 787 2076 die
814 2043 915 2077 Ilede
942 2044 1001 2086 ist,
1030 2045 1149 2078 bleibt
1174 2047 1238 2078 fiir
1263 2058 1332 2079 uns
1360 2047 1421 2081 ein
1444 2046 1560 2080 Rath-

101 2089 166 2122 sel.
193 2108 240 2113 —
264 2090 360 2123 nihil
382 2090 506 2124 facies.
537 2109 576 2115 —
610 2092 679 2130 illi,
706 2090 848 2123 Triarii
876 2092 963 2125 filii.
990 2111 1037 2116 —
1071 2093 1118 2126 M.
1149 2095 1360 2137 Castricius,
1397 2095 1459 2129 ein
1484 2095 1560 2128 R'ci-

100 2137 273 2171 mischer
298 2137 430 2177 Rstter,
471 2137 538 2171 der
564 2138 602 2170 in
629 2138 742 2172 Asien
769 2139 1130 2187 Handelsgesch'afte
1165 2141 1313 2177 machte
1350 2143 1430 2176 und
1464 2143 1559 2176 wel-

103 2184 215 2218 chem
235 2185 398 2219 Cicero's
425 2185 571 2219 Bruder
598 2185 758 2227 Quintus
786 2187 846 2221 die
872 2187 1051 2229 Sklaven,
1079 2189 1141 2223 die
1168 2190 1277 2224 iener
1302 2203 1349 2224 an
1374 2191 1444 2224 ihn
1469 2201 1559 2224 ver-

101 2231 209 2265 kauft
234 2232 350 2274 hatte,
385 2233 486 2266 noch
511 2233 689 2282 schuldig
714 2246 805 2269 war.
839 2235 875 2268 S.
903 2236 1051 2269 Verrin.
1080 2237 1149 2279 ΙΙΙ,
1177 2241 1233 2274 78.
1261 2239 1385 2274 Flacc.
1413 2240 1468 2274 25.
1496 2242 1557 2274 30.

102 2279 148 2312 ad
173 2281 288 2315 Attio.
319 2282 370 2321 ΙΙ,
397 2283 429 2319 7,
457 2300 504 2305 -
530 2287 567 2314 ut
591 2295 686 2315 nunc
709 2285 874 2325 solvitur,
902 2285 968 2316 auf
991 2284 1063 2318 den
1091 2286 1195 2327 Fuss,
1236 2287 1312 2321 wie
1346 2299 1430 2320 man
1464 2287 1557 2320 ieizt

102 2329 366 2376 gesetzm'a'ssig
403 2329 566 2363 bezahlt.
599 2348 646 2355 —
678 2333 863 2372 commod„
903 2332 1250 2368 annehmlicheres.
1310 2336 1422 2368 Denn
1457 2334 1558 2368 nach

103 2375 232 2408 C'a'sars
257 2377 371 2410 Edict
398 2377 540 2411 konnte
567 2390 653 2411 man
678 2377 776 2411 auch
795 2380 864 2412 mit
885 2379 1046 2420 Gfitern,
1069 2381 1185 2415 deren
1204 2382 1347 2417 Werth
1374 2395 1412 2417 su
1439 2381 1555 2425 hoch,

101 2423 177 2456 wie
203 2424 255 2456 sie
281 2436 351 2457 vor
377 2425 460 2458 dem
488 2426 773 2474 Biirgerkriege
799 2428 1019 2475 gestanden‚
1059 2439 1135 2462 von
1162 2430 1235 2464 den
1252 2431 1467 2464 Taxatoren
1493 2430 1557 2463 ab-

101 2471 297 2518 gesch'zitzt
321 2483 414 2514 war,
442 2474 545 2506 seine
573 2474 784 2521 Glisubiger
812 2474 1003 2509 bezahlen.
1054 2477 1166 2511 Diese
1184 2478 1268 2519 Art,
1296 2484 1337 2511 ut
1360 2490 1461 2510 nunc
1479 2478 1556 2511 sol-

100 2518 216 2559 vitur,
245 2519 310 2552 fiel
337 2520 419 2553 dem
448 2520 606 2562 Quintus
632 2522 741 2554 nicht
767 2520 929 2564 schwer,
958 2525 1012 2557 sie
1037 2524 1283 2573 begiinstigte
1311 2526 1373 2559 die
1392 2526 1556 2559 Schuld-

102 2577 175 2599 ner
200 2568 278 2600 und
304 2573 471 2612 ersparte
507 2569 591 2603 dem
620 2570 732 2603 C'dsar
757 2570 830 2604 den
856 2571 1076 2606 verhassten
1102 2573 1205 2607 Titel
1238 2585 1423 2608 novarum
1449 2574 1556 2607 tabu-

100 2612 234 2648 larum.
272 2633 317 2639 -
352 2619 406 2648 ita
433 2622 554 2649 actam
581 2623 633 2650 cst
666 2617 690 2650 i.
717 2629 746 2652 e.
774 2618 868 2651 haec
901 2619 1003 2653 inter
1042 2632 1102 2654 eos
1129 2621 1174 2654 de
1199 2622 1400 2666 mancipiis
1426 2622 1554 2666 pactio

98 2662 195 2694 facta
231 2668 294 2696 est.
331 2682 378 2688 -
414 2666 713 2705 zct..al1dnceret,
748 2666 827 2698 (lass
856 2666 1074 2708 Castricius,
1117 2681 1234 2703 wenn
1263 2670 1419 2712 Quintus
1446 2669 1556 2702 nicht

98 2719 169 2740 zur
194 2709 437 2744 bestimmten
465 2713 550 2748 Zeit
575 2712 763 2756 bezahlte‚
789 2713 849 2748 die
876 2714 1043 2750 Sklaven
1068 2717 1215 2752 wieder
1237 2717 1555 2752 zuriiicknehmen
