1795 3081
220 110 316 157 420
481 108 547 155 Μ.
583 107 634 153 Τ.
671 103 1011 153 CICERONIS
1046 101 1426 152 EPISTOLAE.

221 225 323 266 dum
363 232 413 265 tu
451 227 582 278 absis,
628 227 751 279 quasi
796 225 1071 263 occasionem
1112 222 1329 276 quandam
1369 230 1412 263 et
1453 225 1679 271 licentiam

221 288 398 321 nactum
439 282 635 321 scribere
679 279 913 319 audacius:
962 285 1005 318 et
1060 286 1207 318 cetera
1255 278 1432 331 quidem
1479 281 1679 329 fortasse,

221 350 330 389 quae
361 338 491 376 etiam
522 343 572 376 tu
602 335 891 375 concederes:
922 333 998 373 sed
1026 335 1227 387 proxime
1257 335 1415 386 scripsi
1440 333 1492 373 de
1512 336 1678 387 optimo

220 405 380 447 genere
410 391 609 432 dicendi:
640 393 686 429 in
716 403 802 443 quo
833 403 960 442 saepe
989 390 1232 442 suspicatus
1262 402 1357 428 sum
1387 395 1430 429 te
1459 402 1484 428 a
1513 389 1680 428 iudicio

220 453 372 485 nostro
403 449 466 486 sic
495 447 680 496 scilicet,
719 452 769 484 ut
807 445 983 485 doctum
1024 445 1247 483 hominem
1285 445 1337 482 ab
1368 457 1455 483 non
1485 444 1680 495 indocto,

219 502 464 555 paullulum
504 500 728 540 dissidere.
799 500 919 539 Huic
959 506 1007 539 tu
1046 501 1179 549 libro⁷
1221 500 1410 539 maxime
1453 501 1586 539 velim
1630 514 1682 539 ex

220 558 393 595 animo:
434 558 472 596 si
501 558 659 606 mium,
698 557 868 611 gratiae
910 568 1038 595 causa
1078 557 1332 610 suffragere.
1391 555 1547 594 Dicam
1577 557 1680 605 tuis,

217 618 268 650 ut
297 624 409 662 eum,
439 613 477 650 si
496 612 650 662 velint,
678 610 927 651 describant
952 609 1007 650 ad
1030 616 1160 663 teque
1181 613 1371 650 mittant.
1412 610 1522 649 Puto
1552 612 1679 658 enim,

221 667 353 705 etiam
383 669 420 706 si
450 680 544 707 rem
580 668 724 705 minus
763 666 988 719 probabis,
1026 671 1171 704 tamen
1214 667 1259 703 in
1303 667 1387 704 ista
1425 665 1680 713 solitudine,

178 720 203 759 3
221 721 435 774 quidquid
465 735 490 761 a
517 735 587 761 me
616 723 863 775 profectum
893 723 964 771 sit,
996 719 1234 760 iucundum
1264 721 1346 760 tibi
1377 723 1485 760 fore.
1556 721 1682 773 Quod

217 776 329 816 mihi
359 778 729 816 existimationem
759 783 879 816 tuam
909 776 1256 829 dignitatemque
1287 776 1579 827 commendas,
1618 778 1682 815 fa-

219 833 281 870 cis
311 838 360 870 tu
393 832 569 885 quidem
599 833 794 870 omnium
826 844 971 870 more:
1003 829 1078 870 sed
1097 831 1233 869 velini
1257 831 1319 870 sic
1340 833 1575 880 existimes,
1596 845 1681 881 me,

219 900 353 939 quum
392 889 551 938 amori,
595 900 724 940 quem
769 888 887 926 inter
926 899 1005 925 nos
1048 891 1249 924 mutuum
1286 899 1376 926 esse
1418 887 1682 942 intelligam,

218 943 458 997 plurimum
486 943 696 992 tribuam,
739 948 831 980 tum
874 940 928 980 de
957 953 1125 979 summo
1163 942 1340 996 ingenio
1371 947 1414 980 et
1443 941 1495 981 de
1525 941 1681 981 studiis

218 998 304 1036 tuis
336 999 513 1050 optimis
542 1003 586 1037 et
615 996 668 1035 de
697 1010 772 1048 spe
801 997 1095 1049 amplissimae
1119 994 1346 1051 dignitatis
1376 998 1439 1035 ita
1468 995 1681 1047 iudicare,

206 1056 269 1091 ‘ut
297 1054 514 1092 neminem
543 1052 628 1092 tibi
657 1058 934 1104 anteponam,
966 1063 1217 1104 comparem
1245 1064 1423 1104 paucos.

314 1189 348 1224 2.
398 1191 507 1229 absis,
536 1188 662 1222 hamb.
691 1190 774 1223 abes
798 1189 926 1223 Roma,
964 1207 1011 1214 --
1045 1193 1080 1222 et
1105 1193 1222 1222 cetera
1247 1191 1466 1232 concederes,
1493 1189 1572 1222 und
1597 1189 1683 1222 ‹lar-

219 1240 335 1271 unter
361 1248 450 1285 mag
475 1235 583 1271 wohl
608 1237 785 1271 Manches
812 1237 908 1275 sein,
948 1249 1025 1270 was
1062 1237 1160 1270 auch
1187 1238 1246 1270 Du
1272 1237 1351 1270 mir
1376 1237 1486 1270 nicht
1512 1242 1683 1271 untersa-

220 1295 295 1332 gen
322 1284 355 1319 d.
384 1285 408 1320 i.
436 1297 483 1317 zu
509 1283 711 1318 schreiben
740 1285 849 1318 nicht
875 1284 1056 1318 abrathen
1083 1285 1291 1326 mb'chtest3
1328 1285 1454 1319 worin
1480 1286 1540 1318 Du
1574 1285 1679 1318 mich

218 1331 322 1366 wohl
352 1344 468 1380 gerne
495 1332 703 1379 gew‘a'hren
722 1333 859 1366 lassest.
898 1333 1032 1366 Cicero
1059 1333 1178 1365 meint
1204 1333 1307 1366 seine
1334 1333 1682 1377 philosophischen

219 1379 430 1414 Schriften.
494 1381 676 1427 Dagegen
711 1380 862 1414 bezieht
889 1380 968 1413 sich
995 1382 1171 1414 audacius
1196 1380 1400 1414 besonders
1426 1382 1493 1413 auf
1516 1381 1681 1415 Cicero’s

221 1427 325 1468 Cato,
361 1430 490 1462 worin
525 1439 568 1462 er
600 1428 761 1462 manche
797 1428 892 1461 freie
921 1428 1133 1461 Gedanken
1171 1428 1265 1461 iiber
1291 1429 1353 1462 die
1381 1428 1573 1473 Republik
1601 1429 1682 1462 nie-

221 1475 422 1523 dergelegt
448 1477 568 1515 hatte,
591 1475 824 1524 ungeachtet
851 1488 893 1509 er
916 1476 1043 1509 C'a'sars
1063 1477 1249 1523 Ungnade
1275 1477 1505 1510 befiirchten
1531 1482 1683 1510 musste.

220 1542 266 1548 -
292 1526 333 1557 de
359 1529 496 1570 optimo
521 1537 649 1569 genere
674 1526 819 1557 dicendi
851 1523 944 1558 oder
975 1524 1057 1557 sein
1084 1524 1220 1558 Orator
1254 1524 1299 1557 ad
1326 1526 1373 1557 M.
1400 1525 1574 1564 Brutum,
1612 1524 1685 1558 den

221 1582 264 1605 er
289 1571 339 1604 im
365 1574 528 1620 vorigen
553 1572 665 1606 Iahre
691 1572 953 1619 geschrieben.
990 1572 1265 1619 Merkwiirdig‚
1294 1572 1374 1605 dass
1393 1572 1526 1606 Cicero
1551 1572 1685 1619 gleich

221 1620 289 1652 auf
310 1620 487 1667 gelehrte
507 1620 657 1654 Sachen
673 1620 830 1653 ablenkt
853 1619 931 1652 und
949 1620 1018 1653 mit
1039 1620 1268 1654 Cornificius
1289 1620 1452 1654 dariiber
1467 1631 1506 1653 so
1525 1619 1684 1664 spi-ioht,

221 1667 275 1699 als
300 1668 433 1702 wollte
467 1680 507 1702 er
533 1668 573 1701 in
605 1667 686 1701 ihm
717 1668 839 1701 ‘einen
873 1667 1141 1714 angesehenen
1166 1668 1429 1702 Recensenten
1468 1668 1682 1715 gewinnen.

221 1733 266 1739 —-
294 1721 336 1748 ut
362 1717 454 1749 doct.
481 1716 616 1750 homin.
652 1716 749 1749 Nam
777 1720 813 1748 et
841 1715 1069 1749 Cornificius
1105 1715 1150 1749 de
1187 1721 1264 1749 arte
1294 1715 1487 1749 rhetorica
1514 1715 1681 1759 scripsit,

225 1761 459 1803 Quintiliano
489 1763 576 1797 libr.
606 1764 674 1796 ΙΙΙ.
701 1768 867 1796 auctore.
905 1782 950 1788 --
986 1764 1168 1804 dissidere,
1196 1764 1309 1796 aliter
1336 1764 1520 1797 iudicare.
1572 1763 1682 1797 Auch

223 1808 275 1842 M.
301 1810 437 1844 Brutus
462 1822 546 1844 war
571 1811 640 1845 der
666 1810 859 1857 Mefflung,
887 1811 1020 1844 Cicero
1047 1811 1134 1857 lege
1160 1811 1231 1843 mit
1254 1810 1430 1845 Unrecht
1456 1811 1518 1844 das
1545 1811 1680 1845 meiste

223 1857 406 1892 Gewicht
431 1860 499 1892 auf
520 1859 595 1892 den
621 1858 836 1899 Ausdruck,
876 1857 921 1891 da
961 1858 1060 1891 doch
1095 1858 1158 1892 die
1185 1858 1332 1891 Sachen
1365 1858 1480 1892 selbst
1514 1858 1607 1892 eben
1642 1870 1680 1892 so

222 1905 301 1939 viel
336 1907 479 1953 gb'lten,
515 1907 568 1939 als
605 1906 665 1940 die
690 1906 843 1941 Worte.
879 1905 914 1940 S.
950 1905 997 1938 ad
1024 1906 1138 1940 Attio.
1168 1906 1261 1948 XIV,
1288 1909 1346 1941 20.
1386 1926 1433 1931 —-
1476 1919 1514 1940 ex
1548 1910 1683 1946 animo,

222 1964 286 1987 aus
313 1954 627 2002 Ueberzeugung.
662 1972 700 1978 -
737 1957 885 1998 gratiae
917 1966 1038 1992 causa,
1076 1954 1152 1986 mir
1186 1966 1233 1986 zu
1267 1954 1352 1996 lieb,
1386 1966 1450 1987 aus
1477 1954 1684 1987 Riicksicht

224 2001 291 2033 auf
319 2013 455 2035 unsere
482 2001 774 2036 Freundschaft.
810 2018 854 2026 —
888 1999 1058 2047 suffrag„
1094 2002 1203 2034 einer
1229 2002 1349 2035 Sache
1375 2002 1480 2036 seine
1510 2000 1680 2044 Stimme,

223 2048 354 2082 seinen
378 2050 516 2083 Beifall
543 2050 676 2083 weben.
709 2068 756 2074 —-
791 2061 876 2091 rem,
914 2061 1039 2084 meam
1074 2049 1386 2094 disputationem.
1419 2068 1466 2075 --
1495 2052 1681 2096 probabis,

221 2096 316 2130 Ern.
345 2098 441 2130 coni.
469 2080 564 2131 Scht.²
584 2098 676 2130 Liin.
700 2099 883 2143 probaris,

316 2170 350 2203 3.
401 2171 561 2202 omnium
585 2181 696 2211 more,
736 2169 860 2211 „weil
895 2180 932 2203 es
959 2168 1168 2216 allgemein
1203 2179 1241 2202 so
1268 2168 1364 2202 Sitte
1391 2168 1476 2203 ist.“
1525 2168 1576 2201 Es
1602 2180 1683 2202 war

222 2215 394 2248 namlich
422 2216 485 2250 ein
512 2217 783 2261 Compliment,
812 2217 891 2249 dass
917 2217 992 2250 alle
1019 2218 1205 2263 iiingeren
1225 2216 1436 2250 Senatoren
1455 2216 1527 2249 den
1545 2216 1682 2255 ffltern,

222 2261 427 2296 besonders
455 2264 529 2297 den
556 2264 805 2303 Consularen,
831 2264 873 2298 in
899 2265 1013 2298 ihren
1038 2264 1194 2298 Briefen
1230 2277 1277 2297 zu
1311 2263 1475 2297 macheu
1500 2264 1681 2312 pflegten.

221 2309 406 2344 hominum
433 2311 477 2344 de
507 2312 691 2347 Valcken.
719 2324 818 2357 susp.
845 2312 931 2346 Sch.
962 2331 1001 2338 —
1024 2314 1227 2356 plurimum
1253 2314 1428 2353 tribuam,
1457 2312 1583 2344 hamb.
1612 2315 1682 2345 tri-

223 2359 336 2391 haere.
389 2359 529 2392 Verum
567 2359 641 2393 hoc
676 2360 843 2398 videtur,
895 2362 983 2401 OR.‚
1022 2359 1102 2393 dass
1141 2360 1206 2394 ich
1242 2359 1390 2393 sowohl
1421 2359 1683 2394 auf...einen

223 2416 381 2452 grossen
407 2405 551 2440 Werth
577 2408 674 2455 lege.
701 2427 748 2432 -
776 2409 816 2441 de
841 2420 901 2453 spe
927 2409 1040 2451 ampl.
1068 2409 1182 2454 dign,
1211 2409 1331 2449 „iiber
1347 2407 1495 2440 Deinen
1521 2407 1681 2454 gei-ech-

222 2459 288 2487 ten
315 2453 518 2498 Anspruch
554 2466 601 2487 an
638 2455 699 2488 die
730 2455 890 2489 hochste
917 2455 1223 2497 Staatswii1¹de;“
1259 2455 1352 2490 eben
1387 2465 1526 2501 wegen
1558 2455 1684 2488 seiner

223 2511 381 2547 grossen
402 2501 661 2548 F'a'higkeiten
686 2503 765 2536 und
792 2503 1017 2536 trefllichen
1043 2504 1272 2539 Studien.—
1289 2514 1507 2547 comparem,
1535 2502 1683 2550 gleich-

222 2548 346 2582 stelle.
397 2548 579 2582 Namlich
613 2554 731 2583 unter
755 2550 903 2592 Denen,
939 2551 1000 2585 die
1035 2563 1082 2585 an
1109 2551 1171 2585 das
1200 2550 1382 2586 Consulat
1408 2550 1610 2595 Anspruch
1634 2562 1683 2583 zu

223 2595 389 2635 macheu
413 2596 633 2646 berechtigt
659 2598 740 2632 sein
767 2598 950 2633 konnten.
