1795 3081
473 69 794 118 ENSTOLA
832 69 1178 119 CCCCXLIX.
1483 75 1545 120 93

86 192 245 233 lovem!
298 191 425 245 Quod
455 198 598 229 autem
630 201 693 239 os,
735 190 780 228 in
819 188 931 229 lianc
962 205 1055 231 rem
1084 186 1239 248 ἔρανον
1268 202 1291 231 n
1323 194 1397 232 te?
1449 192 1546 243 Fac,

87 265 172 287 nou
211 249 264 289 ad
303 250 511 301 ὸιιξαῦοῑιν
549 241 719 300 κριῇινίν,
760 245 836 285 sed
870 245 925 285 ad
961 244 1184 302 Πυρήνην
1223 262 1321 287 eum
1361 249 1548 298 venisse,

88 312 127 343 «rt
173 298 404 354 ‹'1‘J‹712¹e‹2ua
440 298 595 351 σεμνὸν
621 300 837 355 ’Λλφειοῦ
872 303 918 339 in
958 308 1002 341 te
1038 301 1240 357 [κρήνην],
1285 309 1334 342 ut
1371 304 1547 350 scribis,

87 361 284 409 haurire,
329 360 373 396 in
415 357 548 394 tantis
591 357 679 393 suis
721 357 982 408 praesertim
1025 359 1263 411 angustiis,
1306 360 1388 398 ποῖ
1425 351 1545 397 ταῦτ’

88 413 154 469 ἄρ’
186 408 443 467 ιῖῐιοσκιιίρει
462 414 479 448 ⁴?
521 409 606 449 Sed
638 412 730 463 ipse
760 410 938 450 viderit.
1020 414 1129 452 Cato
1167 426 1237 451 me
1267 412 1443 465 quidem
1473 402 1590 451 de-2

89 470 238 519 lcctat,
283 468 357 507 sed
401 467 532 505 etiam
568 466 747 505 Bassum
783 466 1009 504 Lucilium
1049 479 1140 506 sua.
1198 466 1265 506 De
1296 469 1462 518 Caelio,
1502 473 1551 506 tu

87 589 170 618 stan
199 583 362 616 leihen
388 585 540 613 musste.
580 579 615 613 S.
645 591 702 624 ep.
730 581 813 622 315,
839 582 872 615 ll.
899 598 947 605 —-—
978 583 1204 626 singularem
1230 581 1254 615 i.
1285 592 1314 615 e.
1351 582 1407 615 sui
1433 593 1551 630 gene-

89 634 142 664 ris
171 627 330 664 unicam„
367 645 410 653 -—
456 629 560 672 Quod
590 633 711 660 (cutem
735 640 775 662 os
807 627 831 660 i.
861 639 891 661 e.
928 640 1024 673 quae
1057 629 1297 674 impudentia
1323 655 1332 663 .
1361 655 1369 663 .
1397 655 1405 664 .
1437 643 1460 662 a
1486 632 1552 663 te?

88 680 199 712 hemi
231 674 374 710 ‘welch'
409 675 494 709 eine
524 674 886 709 Unversch'a'mtheit
921 676 968 709 ist
1005 688 1040 709 es
1075 676 1230 710 and'rer
1254 676 1364 718 Seits‚
1400 677 1471 710 Dir
1501 689 1550 710 zu

89 736 127 759 so
156 725 281 758 Etwas
314 723 415 756 noch
452 725 566 756 einen
593 723 845 770 Geldbeitrag·
879 723 1165 758 zuzumuthen?
1204 723 1329 759 Ueber
1364 730 1487 758 autem
1522 737 1549 759 s.

90 772 237 805 Ranisli.
266 775 293 813 §.
326 774 404 811 181,
431 771 469 809 Β,
502 776 530 812 Ι,
558 773 589 805 6.
626 768 772 804 Grotef.
801 773 882 807 362.
917 773 1103 819 ἔρανον,
1140 772 1352 805 collectam.
1403 774 1551 816 Nempe

92 822 253 862 Quintus
280 820 448 852 Atticum
476 824 689 865 rogaverat,
719 824 761 851 ut
787 817 860 852 sibi
886 819 931 852 ad
957 820 1057 852 illud
1082 820 1347 864 Lupercorum
1379 820 1552 853 sacerdo-

91 870 187 901 tium
215 867 416 912 pecuniam
443 867 575 907 daret,
602 867 710 909 isque
736 878 774 900 se
802 872 1059 909 excusaverat,
1097 867 1201 911 quod
1239 878 1325 901 arca
1358 879 1422 901 sua
1449 879 1552 900 nunc

90 917 158 949 vix
193 916 279 948 aliis
314 914 600 948 necessitatibus
635 914 838 950 sufficeret.
875 916 977 950 SCH.
1013 933 1060 940 —-
1098 917 1186 957 Fac,
1228 916 1549 950 non...haurire

92 966 116 997 i.
147 976 177 997 e.
208 963 355 996 etiamsi
394 974 471 995 non
508 961 555 994 ad
589 963 735 996 sontem
761 962 961 997 sitientem
990 962 1027 996 h.
1058 975 1088 998 e.
1116 963 1162 996 ad
1188 974 1314 996 arcam
1340 967 1443 996 tuam
1469 964 1553 996 fere

92 1013 242 1044 inanem
270 1011 334 1044 sed
359 1010 404 1043 ad
430 1011 606 1043 Pirenem
634 1009 673 1043 h.
702 1021 732 1044 e.
760 1021 887 1043 arcam
915 1023 1065 1056 semper
1090 1011 1246 1055 plenam
1284 1010 1451 1044 venisset
1487 1015 1553 1043 aut

94 1059 390 1103 respirationem
422 1057 675 1091 venerandam
710 1056 852 1102 Alphei
889 1057 910 1093 ὶ.
950 1071 980 1092 e.
1016 1059 1244 1093 Arethusam
1272 1059 1310 1091 in
1336 1062 1373 1092 te
1398 1057 1555 1092 haurire

92 1112 242 1152 posset,
282 1113 411 1139 tamen
447 1110 541 1138 esset
578 1104 778 1149 impudens
806 1111 841 1139 et
868 1105 1142 1149 inconsultum,
1185 1107 1232 1140 ad
1257 1105 1331 1140 hoc
1357 1106 1554 1154 negotium

92 1155 299 1200 pecuniam
326 1159 497 1186 mutuam
523 1164 684 1189 sumere.
737 1153 923 1195 Quorsum
952 1154 1057 1188 enim
1084 1154 1159 1188 hoc
1185 1154 1329 1196 evadat,
1368 1154 1408 1187 in
1439 1154 1555 1188 tantis

95 1204 322 1247 praesertim
349 1202 424 1235 suis
452 1201 649 1248 angustiis,
684 1213 802 1246 quum
829 1213 916 1236 aere
949 1203 1074 1236 alieno
1107 1203 1183 1235 iam
1215 1207 1324 1236 antea
1358 1207 1555 1236 contracto

97 1250 260 1282 nimium
287 1250 510 1293 prematur?
538 1250 638 1282 SCH.
676 1249 800 1284 Ueber
823 1251 899 1283 Fac
924 1260 970 1282 =
995 1256 1151 1298 gesetzt,
1186 1262 1213 1283 s.
1239 1249 1390 1286 Ramsh.
1418 1251 1444 1293 §.
1477 1252 1557 1291 168,

96 1298 138 1338 B,
164 1300 197 1332 3.
234 1295 462 1342 Πειρήνη,
497 1297 583 1329 iene
618 1297 689 1330 (len
715 1299 845 1331 Musen
878 1298 1096 1346 geheiligte
1123 1298 1256 1342 Quelle
1286 1297 1347 1331 bei
1373 1297 1555 1332 Korinth.

97 1365 143 1371 —-
171 1351 216 1380 et.
254 1343 320 1378 Sic
346 1345 473 1376 Lamb.
503 1347 607 1379 1566.
641 1347 704 1378 sed
726 1345 835 1387 Cett,
863 1346 965 1389 quod
991 1345 1114 1379 haesit
1141 1357 1186 1379 ex
1212 1345 1349 1390 syllab.
1376 1345 1554 1390 praeced.

101 1396 174 1428 ΟΒ.
204 1392 488 1436 -ίέμπκευμα
516 1406 549 1425 σ.
577 1392 686 1437 Ἀλφ.
715 1397 769 1426 est
793 1393 941 1437 primus
968 1393 1183 1426 versiculus
1211 1392 1368 1426 Pindari
1393 1394 1557 1427 Nemeo-

99 1454 185 1475 rum
211 1441 239 1473 l.
265 1437 562 1486 designanti-que
587 1440 670 1472 fons
698 1439 917 1481 Arethusae,
955 1440 997 1474 in
1023 1452 1138 1484 quam
1164 1441 1358 1474 ferebatur
1383 1439 1557 1486 Alpheus

98 1490 139 1522 in
164 1488 304 1521 Achaia
332 1489 527 1531 absorptus
555 1487 719 1531 denique
747 1488 813 1520 sub
839 1493 982 1521 terram
1010 1489 1132 1521 fluens
1157 1488 1257 1532 apud
1283 1487 1486 1533 Syracusas
1514 1486 1557 1522 in

99 1536 223 1570 insula
251 1536 408 1582 Ortygia
435 1546 649 1578 erumpere.
691 1537 792 1568 SCH.
827 1554 873 1559 --
913 1535 1143 1582 [κρήνηνῖ.
1186 1535 1250 1569 Sic
1277 1536 1370 1570 Cod.
1397 1536 1555 1571 Decurt.

100 1583 226 1618 hamb.
254 1584 334 1615 Bos.
363 1582 500 1615 Graev.
528 1582 621 1614 Ern.
650 1583 723 1616 del.
761 1582 933 1630 κρήνην
970 1583 1015 1616 de
1049 1584 1178 1617 Lamb.
1214 1588 1307 1618 sent.
1339 1583 1426 1618 Sch.
1458 1585 1555 1618 Liin.

97 1633 180 1678 Ego
210 1631 261 1673 [].
313 1629 425 1662 Certe
465 1629 527 1662 vel
565 1641 583 1663 e
620 1631 732 1677 gloss.
768 1636 822 1664 est
855 1631 918 1664 vel
958 1637 1186 1675 corruptum
1223 1642 1269 1665 ex
1301 1631 1556 1678 Ὀρτυγίαν.

100 1678 288 1713 ORELLI.
316 1696 362 1702 —-
387 1676 674 1723 ἀποσκήψεις
713 1689 896 1723 quorsum
922 1678 1016 1712 haec
1042 1679 1197 1712 tandem
1225 1681 1457 1724 erumpent?
1494 1691 1556 1715 wo

97 1727 232 1761 wollte
257 1727 329 1759 Das
355 1725 456 1760 noch
483 1725 652 1759 hinaus?
679 1725 723 1759 da
751 1738 794 1760 er
817 1726 936 1760 sehon
961 1737 1001 1760 so
1027 1727 1278 1762 verschuldet
1304 1724 1365 1762 ist.

192 1799 227 1834 2.
281 1799 383 1839 Cato,
412 1797 492 1830 laus
519 1796 670 1831 Catonis
697 1796 900 1838 Uticensis,
938 1809 1052 1841 quam
1086 1793 1201 1832 modo
1240 1797 1456 1833 absolverat
1493 1795 1559 1834 vel

96 1857 185 1879 mox
219 1845 460 1879 absoluturus
498 1850 589 1879 erat.
638 1845 716 1880 Cfr.
751 1857 808 1890 ep.
837 1842 1071 1887 CCCCXLV,
1096 1848 1131 1881 2.
1167 1864 1215 1870 —
1255 1859 1322 1880 sua
1348 1846 1557 1883 delectant.

97 1895 252 1928 Sensus:
301 1892 443 1928 Catone
481 1904 565 1926 meo
601 1893 784 1935 delector,
821 1890 886 1927 sed
922 1893 1080 1927 fortasse
1118 1893 1199 1928 sine
1237 1905 1359 1937 causa,
1403 1894 1558 1940 quando

100 1943 216 1975 etiam
243 1941 396 1975 Bassum
421 1940 632 1984 Lucilium,
665 1941 808 1975 malum
835 1940 1080 1987 scriptorem,
1115 1953 1178 1974 sua
1212 1941 1417 1977 delectant.
1455 1944 1558 1979 SCH.

99 1991 175 2024 cfr.
203 1990 307 2023 Libr.
341 1991 397 2023 14.
424 1989 496 2034 Ep.
521 1992 587 2025 20:
624 2002 729 2023 suam
755 1992 881 2035 cuique
906 2002 1086 2035 sponsam,
1113 1989 1206 2023 mihi
1228 2002 1346 2024 meam
1371 2016 1380 2024 .
1407 2017 1416 2026 .
1444 2013 1453 2025 .
1480 1992 1560 2026 Hoc

97 2039 265 2077 Attilius,
290 2040 400 2082 poeta
426 2039 662 2080 ‹iar-issimus,-
699 2048 741 2071 ac
775 2038 864 2071 vide
896 2048 944 2071 ne
969 2036 1035 2070 hic
1062 2047 1213 2081 quoque
1237 2038 1396 2073 Attilius
1429 2035 1558 2082 lateat,

98 2097 175 2119 non
208 2088 342 2119 Bassus
373 2085 512 2128 aliquis
546 2085 722 2126 Lucillus,
763 2085 910 2129 alioqui
947 2085 1112 2132 ignotus.
1150 2087 1224 2119 ΟΒ.
1255 2104 1295 2112 -
1335 2085 1392 2121 De
1420 2087 1556 2124 Caelio.

99 2133 249 2166 Caelius
276 2133 510 2175 Hortensius,
553 2132 751 2181 Virginius
785 2132 865 2167 und
890 2129 973 2166 Piso
1007 2144 1137 2167 waren
1166 2132 1275 2168 wohl
1300 2134 1556 2170 renommirte

100 2180 364 2214 Geldh'a'ndler
388 2180 646 2227 (argentarii),
683 2181 741 2214 bei
776 2181 894 2215 deren
921 2178 1061 2215 Einem
1089 2180 1222 2215 Cicero
1255 2178 1337 2216 sein
1361 2180 1557 2231 Silberge-

99 2225 184 2261 r‘a‘th
211 2228 282 2261 mit
309 2228 394 2262 dem
421 2230 638 2277 wenigsten
667 2228 846 2264 Verluste
880 2228 921 2261 in
947 2225 1048 2262 Gold
1085 2233 1331 2264 umzusetzen
1356 2232 1557 2267 wiinschte

97 2276 150 2316 (S.
177 2287 235 2320 ep.
263 2278 346 2316 416,
372 2278 439 2318 2»,
475 2289 540 2309 um
566 2276 607 2309 in
635 2275 759 2310 dieser
789 2275 1073 2311 bedenklichen
1098 2277 1185 2311 Zeit
1219 2279 1286 2311 auf
1316 2276 1430 2313 ieden
1460 2279 1558 2313 Aus-

99 2336 200 2371 gang·
226 2324 294 2358 der
317 2323 440 2372 Dinge
465 2325 744 2358 vorbereiteter
767 2336 815 2357 zu
842 2324 937 2357 sein.
987 2324 1062 2358 Um
1089 2325 1162 2357 mit
1187 2322 1275 2359 dem
1298 2325 1423 2361 Golde
1447 2326 1558 2361 nicht

98 2373 286 2419 betrogen
318 2381 364 2404 zu
398 2373 569 2413 werden,
607 2372 713 2406 hatte
747 2383 790 2406 er
824 2371 910 2406 dem
935 2370 1101 2411 Attikus,
1134 2372 1203 2406 der
1234 2373 1317 2407 sich
1348 2375 1416 2407 auf
1438 2375 1556 2409 Geld-

98 2418 240 2454 snchen
266 2419 391 2453 besser
415 2420 608 2462 verstand,
636 2419 698 2455 die
724 2417 976 2468 Ausfiihrung
1008 2419 1130 2453 dieses
1158 2419 1356 2455 Gesch'zifts
1387 2422 1559 2457 libertra-

99 2479 188 2515 gen.
237 2469 293 2501 De
321 2468 454 2506 Caelio,
479 2470 521 2501 tu
546 2480 694 2514 quaeres
718 2467 838 2515 igitur
864 2472 938 2501 est:
976 2465 1077 2511 quod
1102 2467 1149 2500 ad
1175 2468 1346 2503 Caelium
1372 2470 1556 2514 pertinet,

99 2522 140 2548 tu
168 2526 338 2558 quaereS‚
365 2527 458 2548 num
483 2526 618 2549 aurum
645 2515 784 2550 bonum
811 2527 883 2549 nec
907 2513 1172 2549 adulterinum
1204 2516 1313 2550 nobis
1349 2516 1440 2552 dare
1472 2529 1558 2563 pos-

100 2563 148 2595 sit
184 2568 219 2596 et
251 2561 356 2597 velit.
408 2564 504 2597 Nam
535 2565 712 2598 noscenda
749 2567 800 2598 est
824 2567 974 2603 natura,
1008 2576 1079 2597 non
1097 2563 1270 2607 facultas
1293 2564 1398 2599 modo
1423 2565 1556 2609 Caelii,

100 2622 176 2644 was
195 2610 380 2643 Manutius
408 2613 588 2658 erg511zt3
615 2609 746 2654 „denn
772 2622 862 2645 man
889 2609 1003 2645 sollte
1029 2610 1111 2644 sich
1137 2611 1236 2644 auch
1262 2623 1338 2646 von
1357 2612 1444 2646 dem
1461 2613 1558 2648 cha-

100 2663 226 2691 racter
252 2659 314 2692 des
341 2660 495 2692 Mannes
529 2660 801 2693 unterrichten
832 2659 1003 2699 kb’nnen,
1040 2658 1152 2691 nicht
1188 2658 1288 2694 bloss
1321 2671 1397 2693 von
1430 2662 1559 2695 seiner

99 2705 305 2753 Fiihigkeit
330 2712 400 2754 gut
427 2706 527 2741 Gold
552 2719 599 2741 zu
626 2707 806 2742 zahlen.“
831 2707 868 2742 S.
896 2718 954 2753 ep.
972 2705 1191 2742 CCCCLHI
1213 2706 1266 2742 im
1289 2706 1376 2743 Ans.
1416 2709 1556 2755 Popma
