1795 3081
11 69 14 122 E
450 57 768 108 EPISTOLA
814 54 998 103 DV111.
1034 53 1166 103 DIX.
1444 54 1537 99 201

89 188 276 233 vestrae,
320 193 408 220 non
438 177 785 219 commendarem
814 175 912 225 tibi,
958 188 1090 227 quum
1128 176 1302 225 scirem,
1345 187 1428 227 qna
1457 173 1541 212 fide

92 239 138 276 in
168 244 283 287 tuos,
312 249 396 288 qua
425 235 652 274 clementia
682 234 727 271 in
769 231 1045 270 calamitosos
1087 231 1252 270 soleres
1294 242 1413 277 esse3
1457 230 1543 267 nisi

92 305 161 332 me
192 299 235 331 et
264 293 400 344 patris
430 292 535 339 eim,
565 302 649 341 quo
679 302 773 326 sum
804 285 1147 324 familiarissime
1175 299 1293 335 usus⁷
1330 285 1543 323 memoria

0 314 5 380 l
94 353 138 386 et
166 347 295 385 huius
327 348 502 384 fortuna
531 345 592 382 ita
622 347 835 391 moveret,
864 346 914 378 ut
933 340 1122 378 hominis
1143 341 1342 378 omnibus
1371 352 1543 379 mecum

93 401 250 440 studiis
292 401 536 450 officiisque
575 395 923 436 coniunctissimi
959 406 1140 434 movere
1180 394 1376 434 debebat.
1434 394 1473 433 A
1500 399 1543 432 te

94 456 179 496 hoc
210 457 328 494 omni
359 453 635 493 contentione
665 458 783 505 peto,
822 451 899 499 sic,
937 456 987 489 ut
1014 451 1184 489 maiore
1214 464 1334 500 cura,
1374 450 1543 488 maiore

95 513 230 550 animi
270 511 420 549 labore
460 514 609 560 petere
645 521 731 547 non
772 507 956 558 possim:
1004 511 1055 545 ut
1101 503 1157 543 ad
1197 518 1261 554 ea,
1314 518 1423 557 quae
1470 510 1545 543 tua

4 607 6 618 Ἰ,
94 572 249 619 sponte
279 567 370 603 sine
410 564 661 614 cuiusquam
700 559 1077 602 commendatione
1116 562 1283 599 faceres
1319 561 1365 597 in
1402 560 1544 599 homi-

3 622 7 648 2'
96 634 192 659 nem
225 626 393 659 tantum
423 624 466 656 et
493 618 640 667 talem,
676 617 993 662 calamitosum,
1024 616 1216 667 aliquem
1245 616 1431 653 afferant
1472 628 1545 653 cu-

95 676 262 715 mulum
291 686 411 717 meae
453 673 620 719 literae,
659 685 743 724 quo
782 670 1018 709 studiosius
1058 683 1174 719 eum⁷
1216 670 1546 722 quibuscunque

97 730 226 769 rebus
256 729 409 781 possiS‚
440 728 577 766 iuves,
636 725 762 777 Quod
799 727 836 764 si
864 725 1028 764 Romae
1057 726 1226 775 fuisses,
1270 726 1403 764 etiam
1432 718 1599 762 salu-2.

94 790 183 824 tem
212 784 260 823 A.
292 783 503 822 Caecinae
541 795 726 821 essemus
763 803 819 809 —-
858 787 908 820 ut
947 781 1097 833 opinio
1140 793 1235 818 mea
1273 781 1361 819 fert
1386 801 1442 807 —-
1472 792 1550 830 per

95 845 140 878 te
185 839 421 877 consecuti.
492 836 557 875 De
601 850 685 888 qua
733 843 876 875 tamen
915 848 1116 890 magnam
1164 848 1283 886 spem
1328 834 1549 883 habemus,

95 895 201 932 freti
233 893 465 932 clementia
496 893 689 946 collegae
720 892 798 929 tui.
856 889 1001 940 Nunc,
1038 889 1244 943 quoniam
1273 895 1392 928 tuam
1424 890 1549 926 iusti-

96 949 204 990 tiam
242 954 414 987 secutus
458 948 726 985 tutissimum.
764 946 849 984 sibi
897 952 1073 998 portum
1110 945 1385 997 provinciam
1425 945 1552 984 istam

98 1002 224 1041 duxit
253 1016 364 1041 esse:
397 1003 527 1041 etiam
559 1009 687 1053 atque
718 1002 849 1039 etiam
878 1006 921 1039 te
948 1013 1056 1055 rogo
1088 1006 1217 1051 atque
1247 1012 1343 1049 oro,
1373 1004 1422 1037 ut
1452 1012 1549 1036 eum

98 1063 142 1096 et
170 1059 215 1095 in
256 1058 456 1109 reliquiis
494 1058 656 1096 veteris
697 1056 1006 1111 negotiationis
1048 1054 1307 1109 colligendis
1347 1055 1469 1092 iuves
1511 1060 1554 1092 ct

99 1114 257 1150 ceteris
288 1113 417 1151 rebus
454 1118 573 1166 tegas
612 1117 740 1163 atque
774 1117 938 1150 tueare.
995 1109 1096 1149 Hoc
1132 1109 1243 1147 mihi
1285 1110 1453 1165 gratius
1491 1110 1552 1149 fa-

98 1180 198 1206 cere
228 1167 341 1205 nihil
370 1173 504 1220 potes.

295 1328 610 1377 EPISTOLA
647 1327 776 1375 DIX.
825 1325 907 1387 (ad
942 1325 1054 1372 Div.
1090 1325 1224 1373 XIII.
1259 1327 1357 1385 67.)

417 1415 497 1449 Ser.
526 1415 665 1449 Romae
692 1414 733 1448 A.
762 1415 807 1450 U.
836 1415 875 1449 o.
904 1417 982 1450 708.
1025 1416 1072 1454 (a.
1101 1413 1141 1447 c.
1169 1416 1247 1455 46.)

341 1486 593 1521 Commendat
620 1485 844 1519 Andronem
869 1485 1151 1519 Laodicensem.
1195 1489 1213 1519 1
1232 1505 1271 1511 —
1287 1487 1318 1521 2.

417 1559 463 1591 Μ.
493 1557 671 1591 CICERO
699 1558 735 1590 P.
764 1556 989 1591 SERVILIO
1017 1557 1174 1592 PROPR.
1201 1556 1237 1591 S.

215 1630 278 1670 Ex
308 1631 542 1684 provincia
571 1643 668 1668 mea
698 1628 940 1679 Ciliciensi,
971 1629 1042 1668 eui
1070 1628 1155 1666 scis
1185 1627 1301 1683 τρεῖς
1317 1622 1562 1683 διοικήσεις

6 1546 13 1791 .-ἡφμ-.-ψι
8 1432 12 1531 -ιὴ-.,..
3 1372 8 1379 ι
6 1327 11 1341 -

199 1772 231 1802 1.
280 1770 323 1803 A.
354 1769 558 1800 Caecinam.
597 1766 632 1800 S.
660 1778 707 1799 zu
735 1777 791 1809 ep.
820 1764 1042 1799 CCCCLXX
1067 1764 1119 1796 im
1147 1764 1233 1797 Anf.
1274 1763 1559 1800 CCCCLXXVI.

104 1815 415 1849 CCCCLXXVIII
442 1828 477 1848 u.
507 1814 792 1848 CCCCLXXIX.
814 1832 861 1837 -—
888 1818 928 1845 ut
953 1813 1034 1845 scil.
1063 1813 1218 1844 fortuna
1245 1812 1402 1846 hominis
1431 1818 1500 1847 cet.
1517 1832 1560 1839 -

105 1866 206 1897 omni
232 1867 476 1897 contentione.
494 1888 501 1895 .
518 1888 525 1895 .
541 1865 605 1901 sic,
632 1873 670 1894 so
699 1861 940 1908 inst'zindigst.
971 1878 1012 1884 -—
1038 1863 1124 1892 mai.
1146 1872 1203 1894 cm.
1227 1862 1361 1901 labore,
1389 1861 1559 1908 eifriger.

103 1931 150 1936 —
178 1914 354 1951 calamit„
383 1910 563 1950 exsulem,
592 1915 796 1943 extorrem.
841 1928 888 1933 —-
928 1909 1014 1952 aliq.
1042 1908 1202 1952 afferant
1229 1910 1408 1942 cumulum
1433 1921 1480 1942 z:
1505 1910 1563 1942 in-

106 1964 358 1999 crementum,
385 1958 484 1991 noch
511 1958 595 1990 eine
622 1957 772 2004 Zugabc
798 1956 1041 1989 veranlassen
1069 1957 1192 2002 mo'ge.

201 2020 233 2052 2.
287 2021 320 2051 si
345 2020 475 2051 Romae
493 2017 644 2059 fuisses.
697 2016 881 2049 Servilius
917 2015 1055 2049 befand
1092 2015 1177 2048 sich
1212 2015 1353 2050 damals
1386 2016 1439 2050 als
1474 2027 1563 2050 vom

108 2066 222 2099 C'cisar
247 2065 445 2098 bestellter
471 2065 696 2098 Statthalter
723 2064 763 2096 in
784 2063 861 2108 “der
886 2063 1050 2096 Provinz
1078 2062 1204 2099 Asien.
1233 2084 1274 2089 —
1301 2067 1467 2106 salutem,
1495 2065 1564 2098 Be-

107 2113 344 2160 gnadigung‚
373 2112 538 2146 reditum
566 2112 605 2144 in
632 2111 764 2144 urbem
791 2122 1054 2154 essemus-,per
1079 2116 1112 2143 te
1139 2115 1315 2145 consecuti
1333 2113 1358 2145 i.
1380 2124 1407 2146 e.
1435 2124 1453 2145 a
1474 2112 1564 2146 Cae-

108 2173 192 2193 sare
235 2161 476 2204 impetraturi
518 2160 727 2193 fuissemus.
767 2171 833 2202 pm·
878 2164 910 2191 te
941 2170 988 2189 z
1018 2163 1054 2191 te
1102 2158 1363 2203 deprecatore.
1412 2159 1562 2193 Ramsh.

108 2212 139 2250 §.
172 2210 249 2248 137,
276 2211 307 2242 (3.
345 2208 489 2241 Grotef.
517 2209 544 2250 §.
571 2210 639 2242 255
666 2208 777 2240 Aum.
811 2226 854 2231 —
897 2208 1050 2252 collegae
1076 2210 1132 2239 tui
1156 2207 1180 2240 i.
1208 2218 1238 2243 e.
1269 2208 1450 2247 Caesaris,
1477 2207 1564 2241 Ser-

109 2255 195 2289 vilii
221 2260 261 2286 ut
288 2255 487 2289 Ciceronis
515 2256 553 2287 in
582 2260 770 2302 auguratu
798 2254 968 2301 collegae
1003 2255 1089 2295 (ct'r.
1118 2266 1175 2299 ep.
1202 2257 1321 2297 462.);
1357 2255 1425 2289 etsi
1454 2255 1565 2289 etiam

111 2304 151 2336 in
180 2303 379 2335 consulatu
406 2303 572 2336 Caesaris
599 2302 764 2336 secundo
794 2302 981 2335 Servilius
1009 2302 1089 2335 eius
1116 2302 1265 2350 collega
1293 2305 1427 2337 fuerat.
1464 2303 1565 2336 SCH.

111 2370 152 2376 —
183 2354 363 2395 quoniam.
390 2351 424 2384 S.
453 2362 508 2395 ep.
537 2353 619 2388 498,
647 2354 677 2384 1.
712 2369 760 2373 --
792 2355 893 2382 tuam
919 2352 1105 2383 iustitiam
1130 2357 1271 2384 secutus
1296 2362 1343 2383 Ξ
1370 2356 1430 2383 tua
1459 2350 1568 2384 iusti-

111 2398 164 2430 tia
191 2399 323 2437 fretus,
350 2398 402 2430 im
428 2398 642 2432 Vertrauen
668 2399 733 2430 auf
753 2397 872 2430 Deine
901 2397 1207 2444 Gerechtigkeit.
1231 2418 1274 2423 —
1297 2404 1460 2443 portum,
1487 2409 1567 2431 me-

110 2445 333 2489 taphorisch
360 2450 448 2478 statt
474 2446 678 2492 refugium,
706 2445 974 2477 Zussuchtsort.
1002 2464 1047 2469 —
1073 2449 1302 2489 provinciam
1328 2450 1451 2487 istam,
1485 2444 1568 2478 Asi-

111 2505 183 2533 am,
211 2504 321 2536 quam
349 2492 535 2526 Servilius
560 2494 598 2526 h.
627 2505 657 2526 a.
686 2503 755 2536 pro
783 2497 958 2536 praetore
985 2493 1151 2539 regebat.
1190 2493 1290 2527 SCH.
1325 2512 1372 2518 —-
1411 2496 1448 2526 in
1483 2495 1569 2526 reli-

112 2543 208 2587 quiis
234 2543 495 2585 negotiationis
522 2541 718 2580 Asiaticae,
754 2540 860 2572 cuius
895 2540 1131 2575 mentionem
1158 2541 1250 2575 fecit
1288 2553 1345 2586 ep.
1372 2543 1455 2582 476,
1484 2539 1506 2573 i.
1524 2551 1567 2574 e.

113 2588 157 2621 in
181 2588 370 2632 pecuniis,
397 2600 491 2631 quae
519 2588 553 2621 ei
578 2588 824 2625 debebantur,
861 2600 887 2620 s.
917 2587 1134 2622 nominibus
1161 2588 1331 2623 nondum
1359 2588 1498 2622 exactis
1525 2599 1570 2622 ex

113 2636 372 2715 neffiotiatione
398 2635 576 2675 Asiatica,
602 2635 823 2680 colligendis,
849 2634 908 2669 bei
930 2635 1179 2686 Einziehung
1204 2636 1332 2671 seiner
1358 2636 1445 2670 dort
1470 2634 1571 2670 noch

112 2687 167 2716 ste
199 2682 321 2717 endon
348 2682 502 2718 Gelder.
1471 2698 1473 2700 ·
