<?xml version="1.0" encoding="UTF-8"?>
<!DOCTYPE html PUBLIC "-//W3C//DTD XHTML 1.0 Transitional//EN"
    "http://www.w3.org/TR/xhtml1/DTD/xhtml1-transitional.dtd">
<html xmlns="http://www.w3.org/1999/xhtml" xml:lang="en" lang="en">
 <head>
  <title>
</title>
<meta http-equiv="Content-Type" content="text/html;charset=utf-8" />
  <meta name='ocr-system' content='tesseract 3.04.00' />
  <meta name='ocr-capabilities' content='ocr_page ocr_carea ocr_par ocr_line ocrx_word'/>
</head>
<body>
  <div class='ocr_page' id='page_1' title='image "./epistolaeadattic03ciceuoft_0157.png"; bbox 0 0 1795 3081; ppageno 0'>
   <div class='ocr_carea' id='block_1_1' title="bbox 10 0 42 3081">
    <p class='ocr_par' dir='ltr' id='par_1_1' title="bbox 10 0 42 3081">
     <span class='ocr_line' id='line_1_1' title="bbox 10 0 42 3081; baseline 0 0"><span class='ocrx_word' id='word_1_1' title='bbox 10 0 42 3081; x_wconf 95' lang='lat' dir='ltr'><strong> </strong></span> 
     </span>
    </p>
   </div>
   <div class='ocr_carea' id='block_1_2' title="bbox 485 57 1553 112">
    <p class='ocr_par' dir='ltr' id='par_1_2' title="bbox 485 57 1553 112">
     <span class='ocr_line' id='line_1_2' title="bbox 485 57 1553 112; baseline 0.006 -7"><span class='ocrx_word' id='word_1_2' title='bbox 485 57 803 108; x_wconf 87' lang='lat' dir='ltr'><strong>EPISTOLA</strong></span> <span class='ocrx_word' id='word_1_3' title='bbox 838 57 1157 109; x_wconf 89' lang='lat' dir='ltr'><strong>CCCCLXX.</strong></span> <span class='ocrx_word' id='word_1_4' title='bbox 1459 63 1553 112; x_wconf 78' lang='lat'><strong>147</strong></span> 
     </span>
    </p>
   </div>
   <div class='ocr_carea' id='block_1_3' title="bbox 97 178 1590 1388">
    <p class='ocr_par' dir='ltr' id='par_1_3' title="bbox 97 178 1590 1388">
     <span class='ocr_line' id='line_1_3' title="bbox 105 178 1552 231; baseline 0.001 -11"><span class='ocrx_word' id='word_1_5' title='bbox 105 193 195 221; x_wconf 89' lang='lat' dir='ltr'><strong>esse</strong></span> <span class='ocrx_word' id='word_1_6' title='bbox 225 186 268 220; x_wconf 86' lang='lat' dir='ltr'><strong>et</strong></span> <span class='ocrx_word' id='word_1_7' title='bbox 297 179 428 219; x_wconf 88' lang='lat' dir='ltr'><strong>audio</strong></span> <span class='ocrx_word' id='word_1_8' title='bbox 460 185 503 218; x_wconf 88' lang='lat' dir='ltr'><strong>et</strong></span> <span class='ocrx_word' id='word_1_9' title='bbox 530 190 675 231; x_wconf 85' lang='lat' dir='ltr'><strong>spero,</strong></span> <span class='ocrx_word' id='word_1_10' title='bbox 715 178 795 218; x_wconf 89' lang='lat' dir='ltr'><strong>etsi</strong></span> <span class='ocrx_word' id='word_1_11' title='bbox 826 189 912 216; x_wconf 91' lang='lat' dir='ltr'><strong>non</strong></span> <span class='ocrx_word' id='word_1_12' title='bbox 942 180 1267 231; x_wconf 76' lang='lat' dir='ltr'><strong>sapientissimi,</strong></span> <span class='ocrx_word' id='word_1_13' title='bbox 1306 187 1351 220; x_wconf 86' lang='lat' dir='ltr'><strong>at</strong></span> <span class='ocrx_word' id='word_1_14' title='bbox 1379 183 1552 222; x_wconf 84' lang='lat' dir='ltr'><strong>amicis-</strong></span> 
     </span>
     <span class='ocr_line' id='line_1_4' title="bbox 102 233 1553 289; baseline 0.001 -15"><span class='ocrx_word' id='word_1_15' title='bbox 102 237 202 274; x_wconf 86' lang='lat' dir='ltr'><strong>simi</strong></span> <span class='ocrx_word' id='word_1_16' title='bbox 221 235 410 274; x_wconf 89' lang='lat' dir='ltr'><strong>hominis</strong></span> <span class='ocrx_word' id='word_1_17' title='bbox 431 234 711 284; x_wconf 83' lang='lat' dir='ltr'><strong>auctoritate,</strong></span> <span class='ocrx_word' id='word_1_18' title='bbox 742 233 1085 274; x_wconf 87' lang='lat' dir='ltr'><strong>confirmandum</strong></span> <span class='ocrx_word' id='word_1_19' title='bbox 1111 237 1244 275; x_wconf 87' lang='lat' dir='ltr'><strong>etiam</strong></span> <span class='ocrx_word' id='word_1_20' title='bbox 1264 242 1394 289; x_wconf 82' lang='lat' dir='ltr'><strong>atque</strong></span> <span class='ocrx_word' id='word_1_21' title='bbox 1420 239 1553 276; x_wconf 84' lang='lat' dir='ltr'><strong>etiam</strong></span> 
     </span>
     <span class='ocr_line' id='line_1_5' title="bbox 102 287 1551 343; baseline 0.001 -14"><span class='ocrx_word' id='word_1_22' title='bbox 102 298 230 343; x_wconf 86' lang='lat' dir='ltr'><strong>puto:</strong></span> <span class='ocrx_word' id='word_1_23' title='bbox 262 303 341 329; x_wconf 86' lang='lat' dir='ltr'><strong>nec</strong></span> <span class='ocrx_word' id='word_1_24' title='bbox 371 291 425 328; x_wconf 90' lang='lat' dir='ltr'><strong>iis</strong></span> <span class='ocrx_word' id='word_1_25' title='bbox 470 287 645 341; x_wconf 85' lang='lat' dir='ltr'><strong>quidem</strong></span> <span class='ocrx_word' id='word_1_26' title='bbox 687 288 849 333; x_wconf 67' lang='lat' dir='ltr'><strong>verbis,</strong></span> <span class='ocrx_word' id='word_1_27' title='bbox 892 288 1048 339; x_wconf 89' lang='lat' dir='ltr'><strong>quibus</strong></span> <span class='ocrx_word' id='word_1_28' title='bbox 1087 296 1130 328; x_wconf 82' lang='lat' dir='ltr'><strong>te</strong></span> <span class='ocrx_word' id='word_1_29' title='bbox 1171 292 1374 331; x_wconf 80' lang='lat' dir='ltr'><strong>consoler</strong></span> <span class='ocrx_word' id='word_1_30' title='bbox 1410 298 1460 331; x_wconf 84' lang='lat' dir='ltr'><strong>ut</strong></span> <span class='ocrx_word' id='word_1_31' title='bbox 1488 294 1551 330; x_wconf 89' lang='lat' dir='ltr'><strong>af-</strong></span> 
     </span>
     <span class='ocr_line' id='line_1_6' title="bbox 101 343 1550 396; baseline 0.001 -13"><span class='ocrx_word' id='word_1_32' title='bbox 101 347 267 385; x_wconf 84' lang='lat' dir='ltr'><strong>flictum</strong></span> <span class='ocrx_word' id='word_1_33' title='bbox 306 351 349 384; x_wconf 88' lang='lat' dir='ltr'><strong>et</strong></span> <span class='ocrx_word' id='word_1_34' title='bbox 387 346 474 382; x_wconf 84' lang='lat' dir='ltr'><strong>iam</strong></span> <span class='ocrx_word' id='word_1_35' title='bbox 513 343 632 381; x_wconf 86' lang='lat' dir='ltr'><strong>omni</strong></span> <span class='ocrx_word' id='word_1_36' title='bbox 675 356 750 395; x_wconf 90' lang='lat' dir='ltr'><strong>spe</strong></span> <span class='ocrx_word' id='word_1_37' title='bbox 783 343 938 382; x_wconf 88' lang='lat' dir='ltr'><strong>salutis</strong></span> <span class='ocrx_word' id='word_1_38' title='bbox 979 343 1198 395; x_wconf 86' lang='lat' dir='ltr'><strong>orbatum,</strong></span> <span class='ocrx_word' id='word_1_39' title='bbox 1239 346 1313 385; x_wconf 88' lang='lat' dir='ltr'><strong>sed</strong></span> <span class='ocrx_word' id='word_1_40' title='bbox 1349 352 1398 385; x_wconf 88' lang='lat' dir='ltr'><strong>ut</strong></span> <span class='ocrx_word' id='word_1_41' title='bbox 1435 360 1550 396; x_wconf 89' lang='lat' dir='ltr'><strong>eum,</strong></span> 
     </span>
     <span class='ocr_line' id='line_1_7' title="bbox 101 396 1551 451; baseline 0.001 -12"><span class='ocrx_word' id='word_1_42' title='bbox 101 399 154 439; x_wconf 88' lang='lat' dir='ltr'><strong>de</strong></span> <span class='ocrx_word' id='word_1_43' title='bbox 184 401 305 440; x_wconf 91' lang='lat' dir='ltr'><strong>cuius</strong></span> <span class='ocrx_word' id='word_1_44' title='bbox 334 399 638 439; x_wconf 74' lang='lat' dir='ltr'><strong>incolumitate</strong></span> <span class='ocrx_word' id='word_1_45' title='bbox 667 410 754 436; x_wconf 89' lang='lat' dir='ltr'><strong>non</strong></span> <span class='ocrx_word' id='word_1_46' title='bbox 785 398 883 450; x_wconf 91' lang='lat' dir='ltr'><strong>plus</strong></span> <span class='ocrx_word' id='word_1_47' title='bbox 914 396 1123 449; x_wconf 82' lang='lat' dir='ltr'><strong>dubitem,</strong></span> <span class='ocrx_word' id='word_1_48' title='bbox 1155 413 1283 451; x_wconf 87' lang='lat' dir='ltr'><strong>quam</strong></span> <span class='ocrx_word' id='word_1_49' title='bbox 1307 407 1348 440; x_wconf 89' lang='lat' dir='ltr'><strong>te</strong></span> <span class='ocrx_word' id='word_1_50' title='bbox 1372 402 1551 440; x_wconf 86' lang='lat' dir='ltr'><strong>memini</strong></span> 
     </span>
     <span class='ocr_line' id='line_1_8' title="bbox 99 451 1550 509; baseline 0.001 -15"><span class='ocrx_word' id='word_1_51' title='bbox 99 454 304 494; x_wconf 88' lang='lat' dir='ltr'><strong>dubitare</strong></span> <span class='ocrx_word' id='word_1_52' title='bbox 334 453 385 493; x_wconf 92' lang='lat' dir='ltr'><strong>de</strong></span> <span class='ocrx_word' id='word_1_53' title='bbox 416 466 522 492; x_wconf 87' lang='lat' dir='ltr'><strong>mea.</strong></span> <span class='ocrx_word' id='word_1_54' title='bbox 581 451 711 502; x_wconf 89' lang='lat' dir='ltr'><strong>Nam,</strong></span> <span class='ocrx_word' id='word_1_55' title='bbox 743 465 875 505; x_wconf 87' lang='lat' dir='ltr'><strong>quum</strong></span> <span class='ocrx_word' id='word_1_56' title='bbox 904 465 972 491; x_wconf 90' lang='lat' dir='ltr'><strong>me</strong></span> <span class='ocrx_word' id='word_1_57' title='bbox 1003 465 1054 492; x_wconf 80' lang='lat' dir='ltr'><strong>ex</strong></span> <span class='ocrx_word' id='word_1_58' title='bbox 1084 466 1132 492; x_wconf 88' lang='lat' dir='ltr'><strong>re</strong></span> <span class='ocrx_word' id='word_1_59' title='bbox 1154 454 1330 506; x_wconf 84' lang='lat' dir='ltr'><strong>publica</strong></span> <span class='ocrx_word' id='word_1_60' title='bbox 1361 457 1550 509; x_wconf 79' lang='lat' dir='ltr'><strong>expulis-</strong></span> 
     </span>
     <span class='ocr_line' id='line_1_9' title="bbox 97 507 1549 562; baseline -0.001 -13"><span class='ocrx_word' id='word_1_61' title='bbox 97 517 193 549; x_wconf 86' lang='lat' dir='ltr'><strong>sent</strong></span> <span class='ocrx_word' id='word_1_62' title='bbox 223 511 271 552; x_wconf 80' lang='lat' dir='ltr'><strong>ii,</strong></span> <span class='ocrx_word' id='word_1_63' title='bbox 301 511 376 561; x_wconf 89' lang='lat' dir='ltr'><strong>qui</strong></span> <span class='ocrx_word' id='word_1_64' title='bbox 404 509 528 547; x_wconf 81' lang='lat' dir='ltr'><strong>illam</strong></span> <span class='ocrx_word' id='word_1_65' title='bbox 559 507 714 547; x_wconf 90' lang='lat' dir='ltr'><strong>cadere</strong></span> <span class='ocrx_word' id='word_1_66' title='bbox 744 520 884 560; x_wconf 85' lang='lat' dir='ltr'><strong>posse,</strong></span> <span class='ocrx_word' id='word_1_67' title='bbox 914 514 1055 547; x_wconf 87' lang='lat' dir='ltr'><strong>stante</strong></span> <span class='ocrx_word' id='word_1_68' title='bbox 1083 520 1168 558; x_wconf 90' lang='lat' dir='ltr'><strong>me,</strong></span> <span class='ocrx_word' id='word_1_69' title='bbox 1206 522 1292 547; x_wconf 91' lang='lat' dir='ltr'><strong>non</strong></span> <span class='ocrx_word' id='word_1_70' title='bbox 1321 517 1549 562; x_wconf 81' lang='lat' dir='ltr'><strong>putarant:</strong></span> 
     </span>
     <span class='ocr_line' id='line_1_10' title="bbox 98 562 1550 617; baseline 0 -13"><span class='ocrx_word' id='word_1_71' title='bbox 98 565 294 614; x_wconf 87' lang='lat' dir='ltr'><strong>memini,</strong></span> <span class='ocrx_word' id='word_1_72' title='bbox 325 577 393 603; x_wconf 87' lang='lat' dir='ltr'><strong>me</strong></span> <span class='ocrx_word' id='word_1_73' title='bbox 423 577 474 602; x_wconf 76' lang='lat' dir='ltr'><strong>ex</strong></span> <span class='ocrx_word' id='word_1_74' title='bbox 504 563 653 601; x_wconf 89' lang='lat' dir='ltr'><strong>multis</strong></span> <span class='ocrx_word' id='word_1_75' title='bbox 682 562 945 614; x_wconf 83' lang='lat' dir='ltr'><strong>hospitibus,</strong></span> <span class='ocrx_word' id='word_1_76' title='bbox 989 563 1064 615; x_wconf 87' lang='lat' dir='ltr'><strong>qui</strong></span> <span class='ocrx_word' id='word_1_77' title='bbox 1094 562 1149 602; x_wconf 92' lang='lat' dir='ltr'><strong>ad</strong></span> <span class='ocrx_word' id='word_1_78' title='bbox 1178 577 1247 602; x_wconf 91' lang='lat' dir='ltr'><strong>me</strong></span> <span class='ocrx_word' id='word_1_79' title='bbox 1277 574 1329 602; x_wconf 80' lang='lat' dir='ltr'><strong>ex</strong></span> <span class='ocrx_word' id='word_1_80' title='bbox 1356 565 1473 617; x_wconf 87' lang='lat' dir='ltr'><strong>Asia,</strong></span> <span class='ocrx_word' id='word_1_81' title='bbox 1504 567 1550 604; x_wconf 90' lang='lat' dir='ltr'><strong>in</strong></span> 
     </span>
     <span class='ocr_line' id='line_1_11' title="bbox 98 616 1547 673; baseline 0 -15"><span class='ocrx_word' id='word_1_82' title='bbox 98 633 183 672; x_wconf 82' lang='lat' dir='ltr'><strong>qua</strong></span> <span class='ocrx_word' id='word_1_83' title='bbox 212 626 260 658; x_wconf 85' lang='lat' dir='ltr'><strong>tu</strong></span> <span class='ocrx_word' id='word_1_84' title='bbox 289 632 400 667; x_wconf 59' lang='lat' dir='ltr'><strong>erem,</strong></span> <span class='ocrx_word' id='word_1_85' title='bbox 429 623 657 667; x_wconf 82' lang='lat' dir='ltr'><strong>venerant,</strong></span> <span class='ocrx_word' id='word_1_86' title='bbox 687 616 842 656; x_wconf 85' lang='lat' dir='ltr'><strong>audire</strong></span> <span class='ocrx_word' id='word_1_87' title='bbox 872 623 914 656; x_wconf 86' lang='lat' dir='ltr'><strong>te</strong></span> <span class='ocrx_word' id='word_1_88' title='bbox 937 616 990 656; x_wconf 91' lang='lat' dir='ltr'><strong>de</strong></span> <span class='ocrx_word' id='word_1_89' title='bbox 1013 619 1210 673; x_wconf 81' lang='lat' dir='ltr'><strong>glorioso</strong></span> <span class='ocrx_word' id='word_1_90' title='bbox 1240 624 1284 658; x_wconf 85' lang='lat' dir='ltr'><strong>et</strong></span> <span class='ocrx_word' id='word_1_91' title='bbox 1313 620 1448 658; x_wconf 84' lang='lat' dir='ltr'><strong>celeri</strong></span> <span class='ocrx_word' id='word_1_92' title='bbox 1477 634 1547 659; x_wconf 91' lang='lat' dir='ltr'><strong>re-</strong></span> 
     </span>
     <span class='ocr_line' id='line_1_12' title="bbox 97 669 1590 726; baseline -0.002 -13"><span class='ocrx_word' id='word_1_93' title='bbox 97 674 194 714; x_wconf 88' lang='lat' dir='ltr'><strong>ditu</strong></span> <span class='ocrx_word' id='word_1_94' title='bbox 238 686 333 712; x_wconf 89' lang='lat' dir='ltr'><strong>meo</strong></span> <span class='ocrx_word' id='word_1_95' title='bbox 373 673 648 713; x_wconf 86' lang='lat' dir='ltr'><strong>confirmare.</strong></span> <span class='ocrx_word' id='word_1_96' title='bbox 707 671 755 711; x_wconf 87' lang='lat' dir='ltr'><strong>Si</strong></span> <span class='ocrx_word' id='word_1_97' title='bbox 785 678 829 711; x_wconf 86' lang='lat' dir='ltr'><strong>te</strong></span> <span class='ocrx_word' id='word_1_98' title='bbox 859 673 974 711; x_wconf 85' lang='lat' dir='ltr'><strong>ratio</strong></span> <span class='ocrx_word' id='word_1_99' title='bbox 1006 673 1217 726; x_wconf 81' lang='lat' dir='ltr'><strong>quaedam</strong></span> <span class='ocrx_word' id='word_1_100' title='bbox 1244 674 1454 713; x_wconf 77' lang='lat' dir='ltr'><strong>Etruscae</strong></span> <span class='ocrx_word' id='word_1_101' title='bbox 1484 669 1590 714; x_wconf 70' lang='lat' dir='ltr'><strong>‹ii-3</strong></span> 
     </span>
     <span class='ocr_line' id='line_1_13' title="bbox 98 727 1550 781; baseline -0.001 -12"><span class='ocrx_word' id='word_1_102' title='bbox 98 729 324 781; x_wconf 88' lang='lat' dir='ltr'><strong>sciplinae,</strong></span> <span class='ocrx_word' id='word_1_103' title='bbox 355 740 484 781; x_wconf 83' lang='lat' dir='ltr'><strong>quam</strong></span> <span class='ocrx_word' id='word_1_104' title='bbox 514 741 539 765; x_wconf 86' lang='lat' dir='ltr'><strong>a</strong></span> <span class='ocrx_word' id='word_1_105' title='bbox 568 733 709 780; x_wconf 84' lang='lat' dir='ltr'><strong>patre,</strong></span> <span class='ocrx_word' id='word_1_106' title='bbox 751 727 1028 767; x_wconf 89' lang='lat' dir='ltr'><strong>nobilissimo</strong></span> <span class='ocrx_word' id='word_1_107' title='bbox 1066 735 1196 781; x_wconf 85' lang='lat' dir='ltr'><strong>atque</strong></span> <span class='ocrx_word' id='word_1_108' title='bbox 1236 730 1403 781; x_wconf 86' lang='lat' dir='ltr'><strong>optimo</strong></span> <span class='ocrx_word' id='word_1_109' title='bbox 1433 731 1550 780; x_wconf 85' lang='lat' dir='ltr'><strong>viro,</strong></span> 
     </span>
     <span class='ocr_line' id='line_1_14' title="bbox 98 781 1550 836; baseline 0 -13"><span class='ocrx_word' id='word_1_110' title='bbox 98 797 345 836; x_wconf 85' lang='lat' dir='ltr'><strong>acceperas,</strong></span> <span class='ocrx_word' id='word_1_111' title='bbox 375 796 463 821; x_wconf 89' lang='lat' dir='ltr'><strong>non</strong></span> <span class='ocrx_word' id='word_1_112' title='bbox 493 783 674 822; x_wconf 87' lang='lat' dir='ltr'><strong>fefellit:</strong></span> <span class='ocrx_word' id='word_1_113' title='bbox 715 795 769 822; x_wconf 88' lang='lat' dir='ltr'><strong>ne</strong></span> <span class='ocrx_word' id='word_1_114' title='bbox 808 795 886 821; x_wconf 89' lang='lat' dir='ltr'><strong>nos</strong></span> <span class='ocrx_word' id='word_1_115' title='bbox 925 781 1101 835; x_wconf 85' lang='lat' dir='ltr'><strong>quidem</strong></span> <span class='ocrx_word' id='word_1_116' title='bbox 1138 788 1292 822; x_wconf 83' lang='lat' dir='ltr'><strong>nostra</strong></span> <span class='ocrx_word' id='word_1_117' title='bbox 1332 782 1550 823; x_wconf 86' lang='lat' dir='ltr'><strong>divinatio</strong></span> 
     </span>
     <span class='ocr_line' id='line_1_15' title="bbox 97 837 1550 891; baseline 0 -13"><span class='ocrx_word' id='word_1_118' title='bbox 97 839 248 878; x_wconf 85' lang='lat' dir='ltr'><strong>fallet:</strong></span> <span class='ocrx_word' id='word_1_119' title='bbox 293 852 421 891; x_wconf 90' lang='lat' dir='ltr'><strong>quam</strong></span> <span class='ocrx_word' id='word_1_120' title='bbox 451 851 584 890; x_wconf 86' lang='lat' dir='ltr'><strong>quum</strong></span> <span class='ocrx_word' id='word_1_121' title='bbox 614 837 1037 890; x_wconf 78' lang='lat' dir='ltr'><strong>sapientissimorum</strong></span> <span class='ocrx_word' id='word_1_122' title='bbox 1065 840 1267 878; x_wconf 85' lang='lat' dir='ltr'><strong>virorum</strong></span> <span class='ocrx_word' id='word_1_123' title='bbox 1296 851 1550 878; x_wconf 89' lang='lat' dir='ltr'><strong>monumen-</strong></span> 
     </span>
     <span class='ocr_line' id='line_1_16' title="bbox 98 892 1551 946; baseline 0.001 -14"><span class='ocrx_word' id='word_1_124' title='bbox 98 895 154 933; x_wconf 82' lang='lat' dir='ltr'><strong>tis</strong></span> <span class='ocrx_word' id='word_1_125' title='bbox 194 900 322 945; x_wconf 81' lang='lat' dir='ltr'><strong>atque</strong></span> <span class='ocrx_word' id='word_1_126' title='bbox 365 894 611 946; x_wconf 80' lang='lat' dir='ltr'><strong>praeceptis</strong></span> <span class='ocrx_word' id='word_1_127' title='bbox 661 894 954 945; x_wconf 83' lang='lat' dir='ltr'><strong>plurimoque,</strong></span> <span class='ocrx_word' id='word_1_128' title='bbox 997 899 1047 932; x_wconf 85' lang='lat' dir='ltr'><strong>ut</strong></span> <span class='ocrx_word' id='word_1_129' title='bbox 1091 900 1140 933; x_wconf 92' lang='lat' dir='ltr'><strong>tu</strong></span> <span class='ocrx_word' id='word_1_130' title='bbox 1179 895 1277 944; x_wconf 89' lang='lat' dir='ltr'><strong>scis,</strong></span> <span class='ocrx_word' id='word_1_131' title='bbox 1321 892 1551 933; x_wconf 87' lang='lat' dir='ltr'><strong>doctrinae</strong></span> 
     </span>
     <span class='ocr_line' id='line_1_17' title="bbox 99 947 1550 1003; baseline 0 -16"><span class='ocrx_word' id='word_1_132' title='bbox 99 947 261 998; x_wconf 90' lang='lat' dir='ltr'><strong>studio,</strong></span> <span class='ocrx_word' id='word_1_133' title='bbox 300 955 392 987; x_wconf 88' lang='lat' dir='ltr'><strong>tum</strong></span> <span class='ocrx_word' id='word_1_134' title='bbox 430 961 587 1003; x_wconf 85' lang='lat' dir='ltr'><strong>magno</strong></span> <span class='ocrx_word' id='word_1_135' title='bbox 629 949 760 987; x_wconf 88' lang='lat' dir='ltr'><strong>etiam</strong></span> <span class='ocrx_word' id='word_1_136' title='bbox 796 961 878 986; x_wconf 91' lang='lat' dir='ltr'><strong>usu</strong></span> <span class='ocrx_word' id='word_1_137' title='bbox 924 947 1180 987; x_wconf 80' lang='lat' dir='ltr'><strong>tractandae</strong></span> <span class='ocrx_word' id='word_1_138' title='bbox 1235 949 1301 987; x_wconf 91' lang='lat' dir='ltr'><strong>rei</strong></span> <span class='ocrx_word' id='word_1_139' title='bbox 1346 949 1550 1000; x_wconf 84' lang='lat' dir='ltr'><strong>publicae</strong></span> 
     </span>
     <span class='ocr_line' id='line_1_18' title="bbox 100 1004 1550 1059; baseline 0.001 -18"><span class='ocrx_word' id='word_1_140' title='bbox 100 1017 342 1059; x_wconf 81' lang='lat' dir='ltr'><strong>magnaque</strong></span> <span class='ocrx_word' id='word_1_141' title='bbox 381 1009 635 1042; x_wconf 90' lang='lat' dir='ltr'><strong>nostrorum</strong></span> <span class='ocrx_word' id='word_1_142' title='bbox 674 1009 923 1055; x_wconf 86' lang='lat' dir='ltr'><strong>temporum</strong></span> <span class='ocrx_word' id='word_1_143' title='bbox 964 1004 1181 1042; x_wconf 73' lang='lat' dir='ltr'><strong>varietate</strong></span> <span class='ocrx_word' id='word_1_144' title='bbox 1222 1004 1446 1042; x_wconf 86' lang='lat' dir='ltr'><strong>consecuti</strong></span> <span class='ocrx_word' id='word_1_145' title='bbox 1480 1017 1550 1042; x_wconf 85' lang='lat' dir='ltr'><strong>su-</strong></span> 
     </span>
     <span class='ocr_line' id='line_1_19' title="bbox 100 1052 1590 1110; baseline 0 -13"><span class='ocrx_word' id='word_1_146' title='bbox 100 1073 207 1098; x_wconf 83' lang='lat' dir='ltr'><strong>mus.</strong></span> <span class='ocrx_word' id='word_1_147' title='bbox 267 1059 348 1099; x_wconf 90' lang='lat' dir='ltr'><strong>Cui</strong></span> <span class='ocrx_word' id='word_1_148' title='bbox 377 1058 553 1110; x_wconf 84' lang='lat' dir='ltr'><strong>quidem</strong></span> <span class='ocrx_word' id='word_1_149' title='bbox 582 1057 850 1097; x_wconf 83' lang='lat' dir='ltr'><strong>divinationi</strong></span> <span class='ocrx_word' id='word_1_150' title='bbox 889 1058 972 1096; x_wconf 90' lang='lat' dir='ltr'><strong>hoc</strong></span> <span class='ocrx_word' id='word_1_151' title='bbox 1002 1059 1099 1110; x_wconf 86' lang='lat' dir='ltr'><strong>plus</strong></span> <span class='ocrx_word' id='word_1_152' title='bbox 1130 1057 1402 1108; x_wconf 85' lang='lat' dir='ltr'><strong>confidimus,</strong></span> <span class='ocrx_word' id='word_1_153' title='bbox 1434 1052 1590 1110; x_wconf 76' lang='lat' dir='ltr'><strong>quod4</strong></span> 
     </span>
     <span class='ocr_line' id='line_1_20' title="bbox 100 1113 1551 1165; baseline -0.001 -12"><span class='ocrx_word' id='word_1_154' title='bbox 100 1127 150 1153; x_wconf 87' lang='lat' dir='ltr'><strong>ea</strong></span> <span class='ocrx_word' id='word_1_155' title='bbox 179 1126 257 1152; x_wconf 91' lang='lat' dir='ltr'><strong>nos</strong></span> <span class='ocrx_word' id='word_1_156' title='bbox 286 1114 399 1151; x_wconf 88' lang='lat' dir='ltr'><strong>nihil</strong></span> <span class='ocrx_word' id='word_1_157' title='bbox 429 1115 475 1151; x_wconf 91' lang='lat' dir='ltr'><strong>in</strong></span> <span class='ocrx_word' id='word_1_158' title='bbox 504 1113 571 1151; x_wconf 89' lang='lat' dir='ltr'><strong>his</strong></span> <span class='ocrx_word' id='word_1_159' title='bbox 601 1118 690 1152; x_wconf 88' lang='lat' dir='ltr'><strong>tam</strong></span> <span class='ocrx_word' id='word_1_160' title='bbox 722 1114 921 1151; x_wconf 82' lang='lat' dir='ltr'><strong>obscuris</strong></span> <span class='ocrx_word' id='word_1_161' title='bbox 951 1113 1082 1151; x_wconf 88' lang='lat' dir='ltr'><strong>rebus</strong></span> <span class='ocrx_word' id='word_1_162' title='bbox 1112 1119 1287 1165; x_wconf 83' lang='lat' dir='ltr'><strong>tamque</strong></span> <span class='ocrx_word' id='word_1_163' title='bbox 1315 1113 1551 1165; x_wconf 87' lang='lat' dir='ltr'><strong>perturba-</strong></span> 
     </span>
     <span class='ocr_line' id='line_1_21' title="bbox 98 1167 1553 1220; baseline -0.001 -13"><span class='ocrx_word' id='word_1_164' title='bbox 98 1170 156 1208; x_wconf 84' lang='lat' dir='ltr'><strong>tis</strong></span> <span class='ocrx_word' id='word_1_165' title='bbox 184 1182 374 1220; x_wconf 78' lang='lat' dir='ltr'><strong>unquam</strong></span> <span class='ocrx_word' id='word_1_166' title='bbox 405 1169 581 1206; x_wconf 85' lang='lat' dir='ltr'><strong>omnino</strong></span> <span class='ocrx_word' id='word_1_167' title='bbox 611 1168 784 1207; x_wconf 75' lang='lat' dir='ltr'><strong>fefellit.</strong></span> <span class='ocrx_word' id='word_1_168' title='bbox 841 1167 1063 1217; x_wconf 84' lang='lat' dir='ltr'><strong>Dicerem,</strong></span> <span class='ocrx_word' id='word_1_169' title='bbox 1109 1181 1218 1220; x_wconf 88' lang='lat' dir='ltr'><strong>quae</strong></span> <span class='ocrx_word' id='word_1_170' title='bbox 1260 1174 1359 1206; x_wconf 88' lang='lat' dir='ltr'><strong>ante</strong></span> <span class='ocrx_word' id='word_1_171' title='bbox 1401 1170 1553 1207; x_wconf 86' lang='lat' dir='ltr'><strong>futura</strong></span> 
     </span>
     <span class='ocr_line' id='line_1_22' title="bbox 101 1220 1554 1278; baseline -0.001 -16"><span class='ocrx_word' id='word_1_172' title='bbox 101 1223 318 1272; x_wconf 73' lang='lat' dir='ltr'><strong>dixissem,</strong></span> <span class='ocrx_word' id='word_1_173' title='bbox 348 1224 395 1261; x_wconf 91' lang='lat' dir='ltr'><strong>ni</strong></span> <span class='ocrx_word' id='word_1_174' title='bbox 423 1236 620 1273; x_wconf 78' lang='lat' dir='ltr'><strong>vererer,</strong></span> <span class='ocrx_word' id='word_1_175' title='bbox 653 1235 707 1262; x_wconf 90' lang='lat' dir='ltr'><strong>ne</strong></span> <span class='ocrx_word' id='word_1_176' title='bbox 737 1236 790 1262; x_wconf 80' lang='lat' dir='ltr'><strong>ex</strong></span> <span class='ocrx_word' id='word_1_177' title='bbox 819 1224 986 1262; x_wconf 80' lang='lat' dir='ltr'><strong>eventis</strong></span> <span class='ocrx_word' id='word_1_178' title='bbox 1014 1224 1179 1278; x_wconf 80' lang='lat' dir='ltr'><strong>fingere</strong></span> <span class='ocrx_word' id='word_1_179' title='bbox 1215 1222 1408 1262; x_wconf 88' lang='lat' dir='ltr'><strong>viderer.</strong></span> <span class='ocrx_word' id='word_1_180' title='bbox 1466 1220 1554 1261; x_wconf 83' lang='lat' dir='ltr'><strong>Sed</strong></span> 
     </span>
     <span class='ocr_line' id='line_1_23' title="bbox 98 1279 1554 1333; baseline -0.001 -15"><span class='ocrx_word' id='word_1_181' title='bbox 98 1286 244 1318; x_wconf 83' lang='lat' dir='ltr'><strong>tamen</strong></span> <span class='ocrx_word' id='word_1_182' title='bbox 273 1279 456 1331; x_wconf 86' lang='lat' dir='ltr'><strong>plurimi</strong></span> <span class='ocrx_word' id='word_1_183' title='bbox 483 1284 584 1317; x_wconf 86' lang='lat' dir='ltr'><strong>sunt</strong></span> <span class='ocrx_word' id='word_1_184' title='bbox 612 1284 741 1317; x_wconf 88' lang='lat' dir='ltr'><strong>testes</strong></span> <span class='ocrx_word' id='word_1_185' title='bbox 769 1292 838 1317; x_wconf 89' lang='lat' dir='ltr'><strong>me</strong></span> <span class='ocrx_word' id='word_1_186' title='bbox 867 1285 911 1317; x_wconf 88' lang='lat' dir='ltr'><strong>et</strong></span> <span class='ocrx_word' id='word_1_187' title='bbox 939 1279 1085 1328; x_wconf 88' lang='lat' dir='ltr'><strong>initio,</strong></span> <span class='ocrx_word' id='word_1_188' title='bbox 1115 1291 1168 1317; x_wconf 89' lang='lat' dir='ltr'><strong>ne</strong></span> <span class='ocrx_word' id='word_1_189' title='bbox 1191 1279 1480 1333; x_wconf 82' lang='lat' dir='ltr'><strong>coniungeret</strong></span> <span class='ocrx_word' id='word_1_190' title='bbox 1508 1286 1554 1316; x_wconf 78' lang='lat' dir='ltr'><strong>se</strong></span> 
     </span>
     <span class='ocr_line' id='line_1_24' title="bbox 103 1333 1554 1388; baseline -0.002 -15"><span class='ocrx_word' id='word_1_191' title='bbox 103 1347 201 1373; x_wconf 90' lang='lat' dir='ltr'><strong>cum</strong></span> <span class='ocrx_word' id='word_1_192' title='bbox 224 1334 422 1384; x_wconf 87' lang='lat' dir='ltr'><strong>Caesare,</strong></span> <span class='ocrx_word' id='word_1_193' title='bbox 452 1333 670 1372; x_wconf 86' lang='lat' dir='ltr'><strong>monuisse</strong></span> <span class='ocrx_word' id='word_1_194' title='bbox 696 1333 973 1386; x_wconf 82' lang='lat' dir='ltr'><strong>Pompeium:</strong></span> <span class='ocrx_word' id='word_1_195' title='bbox 1004 1339 1046 1372; x_wconf 86' lang='lat' dir='ltr'><strong>et</strong></span> <span class='ocrx_word' id='word_1_196' title='bbox 1075 1339 1242 1386; x_wconf 83' lang='lat' dir='ltr'><strong>postea,</strong></span> <span class='ocrx_word' id='word_1_197' title='bbox 1272 1345 1326 1370; x_wconf 90' lang='lat' dir='ltr'><strong>ne</strong></span> <span class='ocrx_word' id='word_1_198' title='bbox 1355 1333 1554 1388; x_wconf 71' lang='lat' dir='ltr'><strong>seiunge-</strong></span> 
     </span>
    </p>
   </div>
   <div class='ocr_carea' id='block_1_4' title="bbox 1139 1423 1277 1427">
    <p class='ocr_par' dir='ltr' id='par_1_4' title="bbox 1139 1423 1277 1427">
     <span class='ocr_line' id='line_1_25' title="bbox 1139 1423 1277 1427; baseline 0 0"><span class='ocrx_word' id='word_1_199' title='bbox 1139 1423 1277 1427; x_wconf 95' lang='lat' dir='ltr'><strong> </strong></span> 
     </span>
    </p>
   </div>
   <div class='ocr_carea' id='block_1_5' title="bbox 1345 1421 1561 1429">
    <p class='ocr_par' dir='ltr' id='par_1_5' title="bbox 1345 1421 1561 1429">
     <span class='ocr_line' id='line_1_26' title="bbox 1345 1421 1561 1429; baseline 0 0"><span class='ocrx_word' id='word_1_200' title='bbox 1345 1421 1561 1429; x_wconf 95' lang='lat' dir='ltr'><strong> </strong></span> 
     </span>
    </p>
   </div>
   <div class='ocr_carea' id='block_1_6' title="bbox 102 1468 1556 1611">
    <p class='ocr_par' dir='ltr' id='par_1_6' title="bbox 102 1468 1556 1611">
     <span class='ocr_line' id='line_1_27' title="bbox 104 1468 1556 1509; baseline -0.001 -5"><span class='ocrx_word' id='word_1_201' title='bbox 104 1470 238 1504; x_wconf 85' lang='lat' dir='ltr'><strong>Cicero</strong></span> <span class='ocrx_word' id='word_1_202' title='bbox 265 1469 349 1503; x_wconf 73' lang='lat' dir='ltr'><strong>sich</strong></span> <span class='ocrx_word' id='word_1_203' title='bbox 375 1469 502 1502; x_wconf 77' lang='lat' dir='ltr'><strong>selbst.</strong></span> <span class='ocrx_word' id='word_1_204' title='bbox 518 1488 565 1493; x_wconf 96' lang='lat'><strong>—</strong></span> <span class='ocrx_word' id='word_1_205' title='bbox 583 1482 645 1502; x_wconf 80' lang='lat' dir='ltr'><strong>mc</strong></span> <span class='ocrx_word' id='word_1_206' title='bbox 670 1470 729 1509; x_wconf 73' lang='lat' dir='ltr'><strong>iis,</strong></span> <span class='ocrx_word' id='word_1_207' title='bbox 757 1469 830 1502; x_wconf 80' lang='lat' dir='ltr'><strong>Md.</strong></span> <span class='ocrx_word' id='word_1_208' title='bbox 859 1470 956 1502; x_wconf 79' lang='lat' dir='ltr'><strong>Vict.</strong></span> <span class='ocrx_word' id='word_1_209' title='bbox 975 1470 1009 1504; x_wconf 89' lang='grc'><strong>2.</strong></span> <span class='ocrx_word' id='word_1_210' title='bbox 1036 1482 1098 1502; x_wconf 81' lang='lat' dir='ltr'><strong>nec</strong></span> <span class='ocrx_word' id='word_1_211' title='bbox 1122 1470 1188 1502; x_wconf 76' lang='lat' dir='ltr'><strong>his.</strong></span> <span class='ocrx_word' id='word_1_212' title='bbox 1216 1488 1261 1493; x_wconf 90' lang='lat'>—</span> <span class='ocrx_word' id='word_1_213' title='bbox 1287 1471 1417 1509; x_wconf 75' lang='lat' dir='ltr'><strong>salute,</strong></span> <span class='ocrx_word' id='word_1_214' title='bbox 1443 1468 1556 1503; x_wconf 83' lang='lat' dir='ltr'><strong>Wie-</strong></span> 
     </span>
     <span class='ocr_line' id='line_1_28' title="bbox 103 1516 1554 1564; baseline -0.001 -13"><span class='ocrx_word' id='word_1_215' title='bbox 103 1517 414 1564; x_wconf 79' lang='lat' dir='ltr'><strong>derherstellung</strong></span> <span class='ocrx_word' id='word_1_216' title='bbox 446 1517 486 1549; x_wconf 89' lang='lat' dir='ltr'><strong>in</strong></span> <span class='ocrx_word' id='word_1_217' title='bbox 521 1517 583 1549; x_wconf 86' lang='lat' dir='ltr'><strong>das</strong></span> <span class='ocrx_word' id='word_1_218' title='bbox 609 1516 850 1563; x_wconf 80' lang='lat' dir='ltr'><strong>Biirgerheil.</strong></span> <span class='ocrx_word' id='word_1_219' title='bbox 885 1535 926 1541; x_wconf 86' lang='lat'>—</span> <span class='ocrx_word' id='word_1_220' title='bbox 963 1518 1003 1550; x_wconf 78' lang='lat' dir='ltr'><strong>de</strong></span> <span class='ocrx_word' id='word_1_221' title='bbox 1028 1530 1119 1557; x_wconf 79' lang='lat' dir='ltr'><strong>mea,</strong></span> <span class='ocrx_word' id='word_1_222' title='bbox 1148 1517 1201 1549; x_wconf 85' lang='lat' dir='ltr'><strong>als</strong></span> <span class='ocrx_word' id='word_1_223' title='bbox 1226 1518 1286 1550; x_wconf 90' lang='lat' dir='ltr'><strong>Du</strong></span> <span class='ocrx_word' id='word_1_224' title='bbox 1314 1517 1478 1549; x_wconf 78' lang='lat' dir='ltr'><strong>vorinals</strong></span> <span class='ocrx_word' id='word_1_225' title='bbox 1505 1528 1554 1549; x_wconf 89' lang='lat' dir='ltr'><strong>an</strong></span> 
     </span>
     <span class='ocr_line' id='line_1_29' title="bbox 102 1564 1554 1611; baseline -0.001 -13"><span class='ocrx_word' id='word_1_226' title='bbox 102 1566 171 1598; x_wconf 89' lang='lat' dir='ltr'><strong>der</strong></span> <span class='ocrx_word' id='word_1_227' title='bbox 201 1565 410 1611; x_wconf 83' lang='lat' dir='ltr'><strong>meinigen.</strong></span> <span class='ocrx_word' id='word_1_228' title='bbox 448 1583 488 1588; x_wconf 91' lang='lat'><strong>—-</strong></span> <span class='ocrx_word' id='word_1_229' title='bbox 529 1567 753 1609; x_wconf 72' lang='lat' dir='ltr'><strong>expulissent.</strong></span> <span class='ocrx_word' id='word_1_230' title='bbox 797 1565 976 1598; x_wconf 86' lang='lat' dir='ltr'><strong>Clodiana</strong></span> <span class='ocrx_word' id='word_1_231' title='bbox 1015 1569 1185 1608; x_wconf 79' lang='lat' dir='ltr'><strong>tempora</strong></span> <span class='ocrx_word' id='word_1_232' title='bbox 1229 1564 1437 1611; x_wconf 79' lang='lat' dir='ltr'><strong>significat,</strong></span> <span class='ocrx_word' id='word_1_233' title='bbox 1482 1575 1554 1597; x_wconf 88' lang='lat' dir='ltr'><strong>nec</strong></span> 
     </span>
    </p>
   </div>
   <div class='ocr_carea' id='block_1_7' title="bbox 99 1611 1554 2075">
    <p class='ocr_par' dir='ltr' id='par_1_7' title="bbox 99 1611 1554 2075">
     <span class='ocr_line' id='line_1_30' title="bbox 101 1611 1553 1661; baseline 0 -16"><span class='ocrx_word' id='word_1_234' title='bbox 101 1613 221 1661; x_wconf 79' lang='lat' dir='ltr'><strong>magis</strong></span> <span class='ocrx_word' id='word_1_235' title='bbox 248 1613 373 1657; x_wconf 83' lang='lat' dir='ltr'><strong>ipsum</strong></span> <span class='ocrx_word' id='word_1_236' title='bbox 402 1611 580 1645; x_wconf 86' lang='lat' dir='ltr'><strong>Clodium</strong></span> <span class='ocrx_word' id='word_1_237' title='bbox 610 1624 722 1655; x_wconf 82' lang='lat' dir='ltr'><strong>quam</strong></span> <span class='ocrx_word' id='word_1_238' title='bbox 743 1612 929 1649; x_wconf 82' lang='lat' dir='ltr'><strong>Crassum,</strong></span> <span class='ocrx_word' id='word_1_239' title='bbox 956 1612 1191 1655; x_wconf 83' lang='lat' dir='ltr'><strong>Pompeium,</strong></span> <span class='ocrx_word' id='word_1_240' title='bbox 1219 1612 1414 1646; x_wconf 80' lang='lat' dir='ltr'><strong>Caesarem</strong></span> <span class='ocrx_word' id='word_1_241' title='bbox 1440 1612 1553 1645; x_wconf 85' lang='lat' dir='ltr'><strong>tacite</strong></span> 
     </span>
     <span class='ocr_line' id='line_1_31' title="bbox 102 1659 1554 1705; baseline -0.002 -11"><span class='ocrx_word' id='word_1_242' title='bbox 102 1660 238 1705; x_wconf 84' lang='lat' dir='ltr'><strong>carpit,</strong></span> <span class='ocrx_word' id='word_1_243' title='bbox 267 1660 333 1704; x_wconf 88' lang='lat' dir='ltr'><strong>qui</strong></span> <span class='ocrx_word' id='word_1_244' title='bbox 358 1671 501 1701; x_wconf 77' lang='lat' dir='ltr'><strong>omnes,</strong></span> <span class='ocrx_word' id='word_1_245' title='bbox 528 1660 636 1704; x_wconf 86' lang='lat' dir='ltr'><strong>pulso</strong></span> <span class='ocrx_word' id='word_1_246' title='bbox 664 1660 865 1697; x_wconf 87' lang='lat' dir='ltr'><strong>Cicerone,</strong></span> <span class='ocrx_word' id='word_1_247' title='bbox 897 1659 1047 1692; x_wconf 84' lang='lat' dir='ltr'><strong>facilius</strong></span> <span class='ocrx_word' id='word_1_248' title='bbox 1082 1659 1227 1691; x_wconf 82' lang='lat' dir='ltr'><strong>aditum</strong></span> <span class='ocrx_word' id='word_1_249' title='bbox 1261 1659 1331 1691; x_wconf 87' lang='lat' dir='ltr'><strong>sibi</strong></span> <span class='ocrx_word' id='word_1_250' title='bbox 1365 1659 1412 1692; x_wconf 89' lang='lat' dir='ltr'><strong>ad</strong></span> <span class='ocrx_word' id='word_1_251' title='bbox 1437 1659 1554 1703; x_wconf 85' lang='lat' dir='ltr'><strong>pessi-</strong></span> 
     </span>
     <span class='ocr_line' id='line_1_32' title="bbox 100 1706 1551 1752; baseline 0 -12"><span class='ocrx_word' id='word_1_252' title='bbox 100 1720 162 1741; x_wconf 84' lang='lat' dir='ltr'><strong>ma</strong></span> <span class='ocrx_word' id='word_1_253' title='bbox 197 1718 367 1751; x_wconf 85' lang='lat' dir='ltr'><strong>quaeque</strong></span> <span class='ocrx_word' id='word_1_254' title='bbox 408 1709 534 1751; x_wconf 83' lang='lat' dir='ltr'><strong>parari</strong></span> <span class='ocrx_word' id='word_1_255' title='bbox 572 1718 680 1752; x_wconf 81' lang='lat' dir='ltr'><strong>posse</strong></span> <span class='ocrx_word' id='word_1_256' title='bbox 725 1707 985 1740; x_wconf 86' lang='lat' dir='ltr'><strong>crediderunt.</strong></span> <span class='ocrx_word' id='word_1_257' title='bbox 1039 1707 1140 1741; x_wconf 86' lang='lat' dir='ltr'><strong>Vide</strong></span> <span class='ocrx_word' id='word_1_258' title='bbox 1176 1709 1269 1740; x_wconf 83' lang='lat' dir='ltr'><strong>orat.</strong></span> <span class='ocrx_word' id='word_1_259' title='bbox 1309 1717 1378 1750; x_wconf 84' lang='lat' dir='ltr'><strong>pro</strong></span> <span class='ocrx_word' id='word_1_260' title='bbox 1411 1706 1551 1740; x_wconf 72' lang='lat' dir='ltr'><strong>Sextio.</strong></span> 
     </span>
     <span class='ocr_line' id='line_1_33' title="bbox 99 1753 1550 1801; baseline -0.001 -12"><span class='ocrx_word' id='word_1_261' title='bbox 99 1756 280 1791; x_wconf 81' lang='lat' dir='ltr'><strong>MANUT.</strong></span> <span class='ocrx_word' id='word_1_262' title='bbox 313 1773 360 1779; x_wconf 89' lang='lat'><strong>—</strong></span> <span class='ocrx_word' id='word_1_263' title='bbox 393 1768 463 1788; x_wconf 82' lang='lat' dir='ltr'><strong>non</strong></span> <span class='ocrx_word' id='word_1_264' title='bbox 487 1761 680 1801; x_wconf 76' lang='lat' dir='ltr'><strong>putarant.</strong></span> <span class='ocrx_word' id='word_1_265' title='bbox 719 1754 780 1789; x_wconf 89' lang='lat' dir='ltr'><strong>Sic</strong></span> <span class='ocrx_word' id='word_1_266' title='bbox 807 1755 933 1790; x_wconf 74' lang='lat' dir='ltr'><strong>Lainb.</strong></span> <span class='ocrx_word' id='word_1_267' title='bbox 967 1759 1152 1800; x_wconf 71' lang='lat' dir='ltr'><strong>putarunt</strong></span> <span class='ocrx_word' id='word_1_268' title='bbox 1182 1753 1255 1788; x_wconf 80' lang='lat' dir='ltr'><strong>Md.</strong></span> <span class='ocrx_word' id='word_1_269' title='bbox 1284 1753 1382 1788; x_wconf 83' lang='lat' dir='ltr'><strong>Crat.</strong></span> <span class='ocrx_word' id='word_1_270' title='bbox 1411 1753 1550 1788; x_wconf 84' lang='lat' dir='ltr'><strong>Graev.</strong></span> 
     </span>
     <span class='ocr_line' id='line_1_34' title="bbox 100 1802 1552 1851; baseline -0.001 -15"><span class='ocrx_word' id='word_1_271' title='bbox 100 1804 195 1836; x_wconf 67' lang='grc' dir='ltr'><strong>ΕΠ).</strong></span> <span class='ocrx_word' id='word_1_272' title='bbox 234 1802 369 1836; x_wconf 87' lang='lat' dir='ltr'><strong>Bened.</strong></span> <span class='ocrx_word' id='word_1_273' title='bbox 401 1803 498 1836; x_wconf 71' lang='lat' dir='ltr'><strong>Liin.</strong></span> <span class='ocrx_word' id='word_1_274' title='bbox 532 1808 722 1849; x_wconf 74' lang='lat' dir='ltr'><strong>putarent.</strong></span> <span class='ocrx_word' id='word_1_275' title='bbox 750 1803 968 1851; x_wconf 79' lang='lat' dir='ltr'><strong>Mart.-Lag.</strong></span> <span class='ocrx_word' id='word_1_276' title='bbox 1003 1802 1090 1836; x_wconf 85' lang='lat' dir='ltr'><strong>Sch.</strong></span> <span class='ocrx_word' id='word_1_277' title='bbox 1134 1803 1207 1835; x_wconf 78' lang='grc' dir='ltr'><strong>ΟΒ.</strong></span> <span class='ocrx_word' id='word_1_278' title='bbox 1233 1820 1282 1826; x_wconf 92' lang='lat'>—</span> <span class='ocrx_word' id='word_1_279' title='bbox 1313 1814 1384 1835; x_wconf 78' lang='lat' dir='ltr'><strong>non</strong></span> <span class='ocrx_word' id='word_1_280' title='bbox 1418 1802 1552 1835; x_wconf 80' lang='lat' dir='ltr'><strong>wiirde</strong></span> 
     </span>
     <span class='ocr_line' id='line_1_35' title="bbox 101 1850 1554 1898; baseline -0.001 -14"><span class='ocrx_word' id='word_1_281' title='bbox 101 1851 205 1884; x_wconf 89' lang='lat' dir='ltr'><strong>seine</strong></span> <span class='ocrx_word' id='word_1_282' title='bbox 240 1850 359 1884; x_wconf 85' lang='lat' dir='ltr'><strong>Stelle</strong></span> <span class='ocrx_word' id='word_1_283' title='bbox 394 1850 583 1898; x_wconf 80' lang='lat' dir='ltr'><strong>richtiger</strong></span> <span class='ocrx_word' id='word_1_284' title='bbox 615 1863 687 1885; x_wconf 90' lang='lat' dir='ltr'><strong>vor</strong></span> <span class='ocrx_word' id='word_1_285' title='bbox 722 1863 824 1896; x_wconf 82' lang='lat' dir='ltr'><strong>posse</strong></span> <span class='ocrx_word' id='word_1_286' title='bbox 856 1850 990 1884; x_wconf 87' lang='lat' dir='ltr'><strong>haben.</strong></span> <span class='ocrx_word' id='word_1_287' title='bbox 1023 1853 1061 1883; x_wconf 77' lang='lat' dir='ltr'><strong>in</strong></span> <span class='ocrx_word' id='word_1_288' title='bbox 1098 1863 1168 1895; x_wconf 79' lang='lat' dir='ltr'><strong>qua</strong></span> <span class='ocrx_word' id='word_1_289' title='bbox 1200 1855 1242 1882; x_wconf 83' lang='lat' dir='ltr'><strong>tu</strong></span> <span class='ocrx_word' id='word_1_290' title='bbox 1275 1861 1355 1883; x_wconf 82' lang='lat' dir='ltr'><strong>eras</strong></span> <span class='ocrx_word' id='word_1_291' title='bbox 1381 1850 1554 1896; x_wconf 80' lang='lat' dir='ltr'><strong>negotia-</strong></span> 
     </span>
     <span class='ocr_line' id='line_1_36' title="bbox 100 1896 1552 1944; baseline 0.001 -14"><span class='ocrx_word' id='word_1_292' title='bbox 100 1898 218 1931; x_wconf 83' lang='lat' dir='ltr'><strong>tionis</strong></span> <span class='ocrx_word' id='word_1_293' title='bbox 245 1907 363 1932; x_wconf 78' lang='lat' dir='ltr'><strong>causa.</strong></span> <span class='ocrx_word' id='word_1_294' title='bbox 414 1899 511 1931; x_wconf 81' lang='lat' dir='ltr'><strong>Nam</strong></span> <span class='ocrx_word' id='word_1_295' title='bbox 544 1899 754 1932; x_wconf 75' lang='lat' dir='ltr'><strong>etiamnum</strong></span> <span class='ocrx_word' id='word_1_296' title='bbox 782 1897 941 1932; x_wconf 79' lang='lat' dir='ltr'><strong>Caecina</strong></span> <span class='ocrx_word' id='word_1_297' title='bbox 968 1898 1010 1930; x_wconf 87' lang='lat' dir='ltr'><strong>in</strong></span> <span class='ocrx_word' id='word_1_298' title='bbox 1036 1898 1120 1931; x_wconf 82' lang='lat' dir='ltr'><strong>Asia</strong></span> <span class='ocrx_word' id='word_1_299' title='bbox 1149 1897 1419 1944; x_wconf 82' lang='lat' dir='ltr'><strong>negotiabatur.</strong></span> <span class='ocrx_word' id='word_1_300' title='bbox 1465 1896 1552 1931; x_wconf 86' lang='lat' dir='ltr'><strong>Vid.</strong></span> 
     </span>
     <span class='ocr_line' id='line_1_37' title="bbox 100 1943 1554 1992; baseline -0.001 -13"><span class='ocrx_word' id='word_1_301' title='bbox 100 1946 146 1979; x_wconf 87' lang='lat' dir='ltr'><strong>ad</strong></span> <span class='ocrx_word' id='word_1_302' title='bbox 173 1946 320 1979; x_wconf 87' lang='lat' dir='ltr'><strong>Divers.</strong></span> <span class='ocrx_word' id='word_1_303' title='bbox 347 1945 408 1983; x_wconf 86' lang='lat' dir='ltr'><strong>VI,</strong></span> <span class='ocrx_word' id='word_1_304' title='bbox 434 1949 467 1981; x_wconf 87' lang='lat'><strong>8.</strong></span> <span class='ocrx_word' id='word_1_305' title='bbox 508 1946 608 1982; x_wconf 82' lang='lat' dir='ltr'><strong>SCH.</strong></span> <span class='ocrx_word' id='word_1_306' title='bbox 638 1965 680 1971; x_wconf 90' lang='lat'><strong>—</strong></span> <span class='ocrx_word' id='word_1_307' title='bbox 706 1952 810 1979; x_wconf 81' lang='lat' dir='ltr'><strong>te...</strong></span> <span class='ocrx_word' id='word_1_308' title='bbox 829 1947 1055 1989; x_wconf 78' lang='lat' dir='ltr'><strong>confirmare,</strong></span> <span class='ocrx_word' id='word_1_309' title='bbox 1094 1945 1153 1977; x_wconf 93' lang='lat' dir='ltr'><strong>Du</strong></span> <span class='ocrx_word' id='word_1_310' title='bbox 1180 1947 1318 1992; x_wconf 75' lang='lat' dir='ltr'><strong>sagtest</strong></span> <span class='ocrx_word' id='word_1_311' title='bbox 1342 1945 1396 1977; x_wconf 87' lang='lat' dir='ltr'><strong>als</strong></span> <span class='ocrx_word' id='word_1_312' title='bbox 1422 1943 1554 1977; x_wconf 81' lang='lat' dir='ltr'><strong>Etwas</strong></span> 
     </span>
     <span class='ocr_line' id='line_1_38' title="bbox 101 1991 1554 2041; baseline -0.001 -16"><span class='ocrx_word' id='word_1_313' title='bbox 101 2005 198 2041; x_wconf 80' lang='lat' dir='ltr'><strong>ganz</strong></span> <span class='ocrx_word' id='word_1_314' title='bbox 234 1993 410 2040; x_wconf 79' lang='lat' dir='ltr'><strong>gewisses</strong></span> <span class='ocrx_word' id='word_1_315' title='bbox 441 2004 589 2036; x_wconf 80' lang='lat' dir='ltr'><strong>voi-aus,</strong></span> <span class='ocrx_word' id='word_1_316' title='bbox 626 1994 690 2026; x_wconf 85' lang='lat' dir='ltr'><strong>ich</strong></span> <span class='ocrx_word' id='word_1_317' title='bbox 721 1993 855 2027; x_wconf 81' lang='lat' dir='ltr'><strong>wiirde</strong></span> <span class='ocrx_word' id='word_1_318' title='bbox 889 1994 930 2026; x_wconf 87' lang='lat' dir='ltr'><strong>in</strong></span> <span class='ocrx_word' id='word_1_319' title='bbox 956 1994 1121 2027; x_wconf 87' lang='lat' dir='ltr'><strong>Kurzem</strong></span> <span class='ocrx_word' id='word_1_320' title='bbox 1147 1993 1214 2026; x_wconf 88' lang='lat' dir='ltr'><strong>auf</strong></span> <span class='ocrx_word' id='word_1_321' title='bbox 1244 1992 1304 2026; x_wconf 86' lang='lat' dir='ltr'><strong>die</strong></span> <span class='ocrx_word' id='word_1_322' title='bbox 1339 1991 1554 2040; x_wconf 66' lang='lat' dir='ltr'><strong>glorreich·</strong></span> 
     </span>
     <span class='ocr_line' id='line_1_39' title="bbox 101 2041 774 2075; baseline -0.001 0"><span class='ocrx_word' id='word_1_323' title='bbox 101 2046 155 2075; x_wconf 79' lang='lat' dir='ltr'><strong>ste</strong></span> <span class='ocrx_word' id='word_1_324' title='bbox 181 2042 251 2073; x_wconf 94' lang='lat' dir='ltr'><strong>Art</strong></span> <span class='ocrx_word' id='word_1_325' title='bbox 283 2041 584 2075; x_wconf 81' lang='lat' dir='ltr'><strong>zuriickberufen</strong></span> <span class='ocrx_word' id='word_1_326' title='bbox 609 2041 774 2075; x_wconf 43' lang='lat' dir='ltr'><strong>werden.</strong></span> 
     </span>
    </p>
   </div>
   <div class='ocr_carea' id='block_1_8' title="bbox 101 2092 1553 2476">
    <p class='ocr_par' dir='ltr' id='par_1_8' title="bbox 101 2092 1553 2476">
     <span class='ocr_line' id='line_1_40' title="bbox 196 2092 1552 2149; baseline -0.002 -14"><span class='ocrx_word' id='word_1_327' title='bbox 196 2102 228 2135; x_wconf 84' lang='lat'><strong>3.</strong></span> <span class='ocrx_word' id='word_1_328' title='bbox 281 2104 380 2133; x_wconf 75' lang='lat' dir='ltr'><strong>ratio</strong></span> <span class='ocrx_word' id='word_1_329' title='bbox 406 2103 544 2146; x_wconf 65' lang='lat' dir='ltr'><strong>quaed„</strong></span> <span class='ocrx_word' id='word_1_330' title='bbox 573 2102 733 2149; x_wconf 77' lang='lat' dir='ltr'><strong>gewisse</strong></span> <span class='ocrx_word' id='word_1_331' title='bbox 760 2101 916 2148; x_wconf 72' lang='lat' dir='ltr'><strong>Regeln.</strong></span> <span class='ocrx_word' id='word_1_332' title='bbox 944 2119 991 2125; x_wconf 91' lang='lat'><strong>·—-</strong></span> <span class='ocrx_word' id='word_1_333' title='bbox 1016 2101 1193 2134; x_wconf 75' lang='lat' dir='ltr'><strong>Etruscae</strong></span> <span class='ocrx_word' id='word_1_334' title='bbox 1219 2093 1448 2145; x_wconf 63' lang='lat' dir='ltr'><strong>disciplinae,</strong></span> <span class='ocrx_word' id='word_1_335' title='bbox 1486 2092 1552 2132; x_wconf 86' lang='lat' dir='ltr'><strong>der</strong></span> 
     </span>
     <span class='ocr_line' id='line_1_41' title="bbox 101 2147 1552 2183; baseline -0.001 -2"><span class='ocrx_word' id='word_1_336' title='bbox 101 2159 177 2182; x_wconf 82' lang='lat' dir='ltr'><strong>von</strong></span> <span class='ocrx_word' id='word_1_337' title='bbox 212 2148 285 2181; x_wconf 88' lang='lat' dir='ltr'><strong>den</strong></span> <span class='ocrx_word' id='word_1_338' title='bbox 322 2149 539 2182; x_wconf 84' lang='lat' dir='ltr'><strong>Etruskern</strong></span> <span class='ocrx_word' id='word_1_339' title='bbox 586 2162 632 2181; x_wconf 87' lang='lat' dir='ltr'><strong>zu</strong></span> <span class='ocrx_word' id='word_1_340' title='bbox 676 2149 750 2183; x_wconf 89' lang='lat' dir='ltr'><strong>den</strong></span> <span class='ocrx_word' id='word_1_341' title='bbox 783 2149 949 2183; x_wconf 73' lang='lat' dir='ltr'><strong>Romern</strong></span> <span class='ocrx_word' id='word_1_342' title='bbox 991 2148 1321 2181; x_wconf 79' lang='lat' dir='ltr'><strong>iiberkommenen</strong></span> <span class='ocrx_word' id='word_1_343' title='bbox 1356 2147 1552 2180; x_wconf 84' lang='lat' dir='ltr'><strong>Divinatio</strong></span> 
     </span>
     <span class='ocr_line' id='line_1_42' title="bbox 102 2195 1549 2244; baseline -0.003 -14"><span class='ocrx_word' id='word_1_344' title='bbox 102 2196 194 2230; x_wconf 87' lang='lat' dir='ltr'><strong>oder</strong></span> <span class='ocrx_word' id='word_1_345' title='bbox 220 2196 353 2235; x_wconf 85' lang='lat' dir='ltr'><strong>Kunst,</strong></span> <span class='ocrx_word' id='word_1_346' title='bbox 379 2208 442 2229; x_wconf 85' lang='lat' dir='ltr'><strong>aus</strong></span> <span class='ocrx_word' id='word_1_347' title='bbox 479 2197 552 2230; x_wconf 84' lang='lat' dir='ltr'><strong>den</strong></span> <span class='ocrx_word' id='word_1_348' title='bbox 586 2197 862 2244; x_wconf 75' lang='lat' dir='ltr'><strong>Eingeweiden</strong></span> <span class='ocrx_word' id='word_1_349' title='bbox 899 2196 1208 2243; x_wconf 75' lang='lat' dir='ltr'><strong>geschlachteter</strong></span> <span class='ocrx_word' id='word_1_350' title='bbox 1234 2195 1480 2240; x_wconf 84' lang='lat' dir='ltr'><strong>Opferthiere</strong></span> <span class='ocrx_word' id='word_1_351' title='bbox 1512 2207 1549 2227; x_wconf 60' lang='lat' dir='ltr'><strong>u.</strong></span> 
     </span>
     <span class='ocr_line' id='line_1_43' title="bbox 102 2243 1551 2291; baseline -0.002 -15"><span class='ocrx_word' id='word_1_352' title='bbox 102 2255 128 2276; x_wconf 88' lang='lat' dir='ltr'><strong>s.</strong></span> <span class='ocrx_word' id='word_1_353' title='bbox 156 2256 202 2276; x_wconf 88' lang='lat' dir='ltr'><strong>w.</strong></span> <span class='ocrx_word' id='word_1_354' title='bbox 230 2243 484 2291; x_wconf 78' lang='lat' dir='ltr'><strong>Zukiinftiges</strong></span> <span class='ocrx_word' id='word_1_355' title='bbox 511 2243 831 2278; x_wconf 83' lang='lat' dir='ltr'><strong>vorherzusehen.</strong></span> <span class='ocrx_word' id='word_1_356' title='bbox 870 2245 905 2280; x_wconf 84' lang='lat' dir='ltr'><strong>S.</strong></span> <span class='ocrx_word' id='word_1_357' title='bbox 935 2244 1013 2277; x_wconf 90' lang='lat' dir='ltr'><strong>Cic.</strong></span> <span class='ocrx_word' id='word_1_358' title='bbox 1043 2244 1087 2276; x_wconf 86' lang='lat' dir='ltr'><strong>de</strong></span> <span class='ocrx_word' id='word_1_359' title='bbox 1114 2243 1239 2276; x_wconf 68' lang='lat' dir='ltr'><strong>Divin.</strong></span> <span class='ocrx_word' id='word_1_360' title='bbox 1267 2243 1297 2281; x_wconf 91' lang='lat'><strong>1,</strong></span> <span class='ocrx_word' id='word_1_361' title='bbox 1323 2244 1357 2277; x_wconf 86' lang='lat'><strong>2.</strong></span> <span class='ocrx_word' id='word_1_362' title='bbox 1394 2243 1438 2276; x_wconf 92' lang='lat' dir='ltr'><strong>de</strong></span> <span class='ocrx_word' id='word_1_363' title='bbox 1465 2243 1551 2277; x_wconf 84' lang='lat' dir='ltr'><strong>Nat,</strong></span> 
     </span>
     <span class='ocr_line' id='line_1_44' title="bbox 101 2290 1553 2331; baseline -0.002 -7"><span class='ocrx_word' id='word_1_364' title='bbox 101 2291 213 2324; x_wconf 87' lang='lat' dir='ltr'><strong>Deor.</strong></span> <span class='ocrx_word' id='word_1_365' title='bbox 242 2292 288 2324; x_wconf 91' lang='lat' dir='ltr'><strong>II.</strong></span> <span class='ocrx_word' id='word_1_366' title='bbox 324 2292 406 2327; x_wconf 85' lang='lat' dir='ltr'><strong>Liv.</strong></span> <span class='ocrx_word' id='word_1_367' title='bbox 438 2293 481 2330; x_wconf 89' lang='lat' dir='ltr'><strong>V,</strong></span> <span class='ocrx_word' id='word_1_368' title='bbox 508 2294 563 2327; x_wconf 89' lang='lat'><strong>15.</strong></span> <span class='ocrx_word' id='word_1_369' title='bbox 605 2291 744 2325; x_wconf 87' lang='lat' dir='ltr'><strong>Arnob.</strong></span> <span class='ocrx_word' id='word_1_370' title='bbox 772 2293 858 2326; x_wconf 87' lang='lat' dir='ltr'><strong>VII.</strong></span> <span class='ocrx_word' id='word_1_371' title='bbox 895 2292 1020 2325; x_wconf 72' lang='lat' dir='ltr'><strong>valer.</strong></span> <span class='ocrx_word' id='word_1_372' title='bbox 1050 2293 1140 2324; x_wconf 70' lang='lat' dir='ltr'><strong>Max.</strong></span> <span class='ocrx_word' id='word_1_373' title='bbox 1176 2291 1207 2331; x_wconf 88' lang='lat' dir='ltr'><strong>I,</strong></span> <span class='ocrx_word' id='word_1_374' title='bbox 1234 2294 1266 2324; x_wconf 88' lang='lat'><strong>1.</strong></span> <span class='ocrx_word' id='word_1_375' title='bbox 1317 2290 1378 2324; x_wconf 85' lang='lat' dir='ltr'><strong>Sie</strong></span> <span class='ocrx_word' id='word_1_376' title='bbox 1403 2290 1553 2324; x_wconf 84' lang='lat' dir='ltr'><strong>scheint</strong></span> 
     </span>
     <span class='ocr_line' id='line_1_45' title="bbox 103 2338 1552 2386; baseline -0.001 -15"><span class='ocrx_word' id='word_1_377' title='bbox 103 2339 143 2371; x_wconf 88' lang='lat' dir='ltr'><strong>in</strong></span> <span class='ocrx_word' id='word_1_378' title='bbox 170 2339 237 2372; x_wconf 90' lang='lat' dir='ltr'><strong>der</strong></span> <span class='ocrx_word' id='word_1_379' title='bbox 262 2339 424 2373; x_wconf 84' lang='lat' dir='ltr'><strong>Familie</strong></span> <span class='ocrx_word' id='word_1_380' title='bbox 463 2339 531 2374; x_wconf 84' lang='lat' dir='ltr'><strong>der</strong></span> <span class='ocrx_word' id='word_1_381' title='bbox 557 2339 741 2373; x_wconf 83' lang='lat' dir='ltr'><strong>Caecinae</strong></span> <span class='ocrx_word' id='word_1_382' title='bbox 776 2351 823 2372; x_wconf 92' lang='lat' dir='ltr'><strong>zu</strong></span> <span class='ocrx_word' id='word_1_383' title='bbox 850 2340 1068 2373; x_wconf 76' lang='lat' dir='ltr'><strong>Volaterrae</strong></span> <span class='ocrx_word' id='word_1_384' title='bbox 1104 2338 1253 2372; x_wconf 87' lang='lat' dir='ltr'><strong>erblich</strong></span> <span class='ocrx_word' id='word_1_385' title='bbox 1292 2350 1468 2386; x_wconf 80' lang='lat' dir='ltr'><strong>gewesen</strong></span> <span class='ocrx_word' id='word_1_386' title='bbox 1505 2346 1552 2369; x_wconf 84' lang='lat' dir='ltr'><strong>zu</strong></span> 
     </span>
     <span class='ocr_line' id='line_1_46' title="bbox 102 2385 1553 2434; baseline -0.001 -16"><span class='ocrx_word' id='word_1_387' title='bbox 102 2386 193 2420; x_wconf 69' lang='lat' dir='ltr'><strong>scin.</strong></span> <span class='ocrx_word' id='word_1_388' title='bbox 223 2403 265 2410; x_wconf 98' lang='lat'><strong>—</strong></span> <span class='ocrx_word' id='word_1_389' title='bbox 292 2391 417 2420; x_wconf 73' lang='lat' dir='ltr'><strong>nostra</strong></span> <span class='ocrx_word' id='word_1_390' title='bbox 444 2389 526 2428; x_wconf 64' lang='lat' dir='ltr'><strong>clio„</strong></span> <span class='ocrx_word' id='word_1_391' title='bbox 554 2387 680 2421; x_wconf 87' lang='lat' dir='ltr'><strong>meine</strong></span> <span class='ocrx_word' id='word_1_392' title='bbox 707 2388 775 2419; x_wconf 89' lang='lat' dir='ltr'><strong>Art</strong></span> <span class='ocrx_word' id='word_1_393' title='bbox 801 2398 877 2420; x_wconf 87' lang='lat' dir='ltr'><strong>von</strong></span> <span class='ocrx_word' id='word_1_394' title='bbox 903 2387 1117 2432; x_wconf 69' lang='lat' dir='ltr'><strong>gottlicher</strong></span> <span class='ocrx_word' id='word_1_395' title='bbox 1134 2385 1315 2434; x_wconf 81' lang='lat' dir='ltr'><strong>Ahnung.</strong></span> <span class='ocrx_word' id='word_1_396' title='bbox 1342 2404 1388 2410; x_wconf 92' lang='lat'>—</span> <span class='ocrx_word' id='word_1_397' title='bbox 1415 2387 1553 2418; x_wconf 59' lang='lat' dir='ltr'><strong>doctria</strong></span> 
     </span>
     <span class='ocr_line' id='line_1_47' title="bbox 101 2430 1551 2476; baseline -0.002 -9"><span class='ocrx_word' id='word_1_398' title='bbox 101 2448 167 2467; x_wconf 78' lang='lat' dir='ltr'><strong>nae</strong></span> <span class='ocrx_word' id='word_1_399' title='bbox 193 2434 324 2475; x_wconf 69' lang='lat' dir='ltr'><strong>stadio,</strong></span> <span class='ocrx_word' id='word_1_400' title='bbox 351 2434 473 2468; x_wconf 89' lang='lat' dir='ltr'><strong>durch</strong></span> <span class='ocrx_word' id='word_1_401' title='bbox 500 2430 886 2469; x_wconf 81' lang='lat' dir='ltr'><strong>wissenschaftliches</strong></span> <span class='ocrx_word' id='word_1_402' title='bbox 900 2434 1105 2468; x_wconf 84' lang='lat' dir='ltr'><strong>Forschen.</strong></span> <span class='ocrx_word' id='word_1_403' title='bbox 1124 2451 1168 2459; x_wconf 92' lang='grc'>-</span> <span class='ocrx_word' id='word_1_404' title='bbox 1196 2446 1261 2468; x_wconf 66' lang='lat' dir='ltr'><strong>usu</strong></span> <span class='ocrx_word' id='word_1_405' title='bbox 1286 2446 1315 2467; x_wconf 78' lang='lat' dir='ltr'><strong>r.</strong></span> <span class='ocrx_word' id='word_1_406' title='bbox 1341 2438 1401 2476; x_wconf 65' lang='lat' dir='ltr'><strong>tr„</strong></span> <span class='ocrx_word' id='word_1_407' title='bbox 1427 2431 1551 2466; x_wconf 82' lang='lat' dir='ltr'><strong>durch</strong></span> 
     </span>
    </p>
   </div>
   <div class='ocr_carea' id='block_1_9' title="bbox 101 2482 948 2530">
    <p class='ocr_par' dir='ltr' id='par_1_9' title="bbox 101 2482 948 2530">
     <span class='ocr_line' id='line_1_48' title="bbox 101 2482 948 2530; baseline 0.001 -16"><span class='ocrx_word' id='word_1_408' title='bbox 101 2482 216 2530; x_wconf 82' lang='lat' dir='ltr'><strong>lange</strong></span> <span class='ocrx_word' id='word_1_409' title='bbox 242 2482 403 2529; x_wconf 78' lang='lat' dir='ltr'><strong>Uebung</strong></span> <span class='ocrx_word' id='word_1_410' title='bbox 429 2482 471 2515; x_wconf 91' lang='lat' dir='ltr'><strong>in</strong></span> <span class='ocrx_word' id='word_1_411' title='bbox 497 2483 569 2516; x_wconf 90' lang='lat' dir='ltr'><strong>den</strong></span> <span class='ocrx_word' id='word_1_412' title='bbox 596 2482 948 2529; x_wconf 74' lang='lat' dir='ltr'><strong>Staatsgesch&#39;aften.</strong></span> 
     </span>
    </p>
   </div>
   <div class='ocr_carea' id='block_1_10' title="bbox 101 2538 1556 2730">
    <p class='ocr_par' dir='ltr' id='par_1_10' title="bbox 101 2538 1556 2730">
     <span class='ocr_line' id='line_1_49' title="bbox 195 2538 1553 2587; baseline -0.004 -11"><span class='ocrx_word' id='word_1_413' title='bbox 195 2544 228 2576; x_wconf 79' lang='lat' dir='ltr'><strong>ll.</strong></span> <span class='ocrx_word' id='word_1_414' title='bbox 277 2544 454 2579; x_wconf 80' lang='lat' dir='ltr'><strong>Dicerem,</strong></span> <span class='ocrx_word' id='word_1_415' title='bbox 492 2542 556 2575; x_wconf 84' lang='lat' dir='ltr'><strong>ich</strong></span> <span class='ocrx_word' id='word_1_416' title='bbox 582 2542 729 2576; x_wconf 83' lang='lat' dir='ltr'><strong>k&#39;onnte</strong></span> <span class='ocrx_word' id='word_1_417' title='bbox 754 2542 824 2575; x_wconf 86' lang='lat' dir='ltr'><strong>Dir</strong></span> <span class='ocrx_word' id='word_1_418' title='bbox 849 2541 1037 2587; x_wconf 82' lang='lat' dir='ltr'><strong>Beispiele</strong></span> <span class='ocrx_word' id='word_1_419' title='bbox 1063 2541 1256 2575; x_wconf 80' lang='lat' dir='ltr'><strong>anfiihren</strong></span> <span class='ocrx_word' id='word_1_420' title='bbox 1282 2550 1359 2573; x_wconf 89' lang='lat' dir='ltr'><strong>von</strong></span> <span class='ocrx_word' id='word_1_421' title='bbox 1385 2538 1553 2576; x_wconf 67' lang='lat' dir='ltr'><strong>Dinoeen.</strong></span> 
     </span>
     <span class='ocr_line' id='line_1_50' title="bbox 101 2586 1555 2635; baseline -0.001 -13"><span class='ocrx_word' id='word_1_422' title='bbox 101 2607 147 2613; x_wconf 91' lang='lat'>—</span> <span class='ocrx_word' id='word_1_423' title='bbox 171 2590 376 2635; x_wconf 78' lang='lat' dir='ltr'><strong>ne...fing.</strong></span> <span class='ocrx_word' id='word_1_424' title='bbox 403 2592 486 2633; x_wconf 65' lang='lat' dir='ltr'><strong>vicl„</strong></span> <span class='ocrx_word' id='word_1_425' title='bbox 514 2590 578 2623; x_wconf 87' lang='lat' dir='ltr'><strong>ich</strong></span> <span class='ocrx_word' id='word_1_426' title='bbox 604 2589 754 2623; x_wconf 79' lang='lat' dir='ltr'><strong>m&#39;ochte</strong></span> <span class='ocrx_word' id='word_1_427' title='bbox 782 2590 836 2623; x_wconf 83' lang='lat' dir='ltr'><strong>sie</strong></span> <span class='ocrx_word' id='word_1_428' title='bbox 863 2596 938 2624; x_wconf 87' lang='lat' dir='ltr'><strong>erst</strong></span> <span class='ocrx_word' id='word_1_429' title='bbox 973 2603 1036 2623; x_wconf 86' lang='lat' dir='ltr'><strong>aus</strong></span> <span class='ocrx_word' id='word_1_430' title='bbox 1063 2590 1148 2624; x_wconf 86' lang='lat' dir='ltr'><strong>dem</strong></span> <span class='ocrx_word' id='word_1_431' title='bbox 1175 2587 1335 2634; x_wconf 80' lang='lat' dir='ltr'><strong>Erfolge</strong></span> <span class='ocrx_word' id='word_1_432' title='bbox 1363 2586 1468 2620; x_wconf 87' lang='lat' dir='ltr'><strong>erdic</strong></span> <span class='ocrx_word' id='word_1_433' title='bbox 1500 2592 1555 2620; x_wconf 81' lang='lat' dir='ltr'><strong>tet</strong></span> 
     </span>
     <span class='ocr_line' id='line_1_51' title="bbox 101 2634 1552 2678; baseline 0 -10"><span class='ocrx_word' id='word_1_434' title='bbox 101 2649 147 2669; x_wconf 89' lang='lat' dir='ltr'><strong>zu</strong></span> <span class='ocrx_word' id='word_1_435' title='bbox 173 2637 296 2671; x_wconf 75' lang='lat' dir='ltr'><strong>haben</strong></span> <span class='ocrx_word' id='word_1_436' title='bbox 322 2636 514 2672; x_wconf 84' lang='lat' dir='ltr'><strong>scheinen.</strong></span> <span class='ocrx_word' id='word_1_437' title='bbox 541 2657 586 2662; x_wconf 92' lang='lat'><strong>——</strong></span> <span class='ocrx_word' id='word_1_438' title='bbox 620 2641 742 2678; x_wconf 79' lang='lat' dir='ltr'><strong>initio,</strong></span> <span class='ocrx_word' id='word_1_439' title='bbox 769 2643 882 2671; x_wconf 89' lang='lat' dir='ltr'><strong>unter</strong></span> <span class='ocrx_word' id='word_1_440' title='bbox 909 2639 1036 2672; x_wconf 81' lang='lat' dir='ltr'><strong>C&#39;a&#39;sars</strong></span> <span class='ocrx_word' id='word_1_441' title='bbox 1063 2642 1201 2672; x_wconf 85' lang='lat' dir='ltr'><strong>erstem</strong></span> <span class='ocrx_word' id='word_1_442' title='bbox 1229 2634 1444 2676; x_wconf 79' lang='lat' dir='ltr'><strong>consulate,</strong></span> <span class='ocrx_word' id='word_1_443' title='bbox 1470 2637 1552 2670; x_wconf 79' lang='lat'><strong>695.</strong></span> 
     </span>
     <span class='ocr_line' id='line_1_52' title="bbox 101 2683 1556 2730; baseline -0.001 -11"><span class='ocrx_word' id='word_1_444' title='bbox 101 2704 146 2709; x_wconf 85' lang='lat'>—</span> <span class='ocrx_word' id='word_1_445' title='bbox 170 2698 212 2719; x_wconf 77' lang='lat' dir='ltr'><strong>ne</strong></span> <span class='ocrx_word' id='word_1_446' title='bbox 237 2689 449 2730; x_wconf 71' lang='lat' dir='ltr'><strong>sez&#39;ungemt,</strong></span> <span class='ocrx_word' id='word_1_447' title='bbox 477 2685 555 2719; x_wconf 80' lang='lat' dir='ltr'><strong>sich</strong></span> <span class='ocrx_word' id='word_1_448' title='bbox 585 2685 693 2719; x_wconf 84' lang='lat' dir='ltr'><strong>nicht</strong></span> <span class='ocrx_word' id='word_1_449' title='bbox 718 2685 863 2719; x_wconf 66' lang='lat' dir='ltr'><strong>&#39;wieder</strong></span> <span class='ocrx_word' id='word_1_450' title='bbox 897 2697 972 2719; x_wconf 81' lang='lat' dir='ltr'><strong>von</strong></span> <span class='ocrx_word' id='word_1_451' title='bbox 1009 2685 1092 2718; x_wconf 86' lang='lat' dir='ltr'><strong>ihm</strong></span> <span class='ocrx_word' id='word_1_452' title='bbox 1124 2696 1172 2717; x_wconf 90' lang='lat' dir='ltr'><strong>zu</strong></span> <span class='ocrx_word' id='word_1_453' title='bbox 1205 2687 1386 2718; x_wconf 76' lang='lat' dir='ltr'><strong>trennen.</strong></span> <span class='ocrx_word' id='word_1_454' title='bbox 1421 2701 1467 2707; x_wconf 92' lang='lat'>—</span> <span class='ocrx_word' id='word_1_455' title='bbox 1499 2683 1556 2717; x_wconf 64' lang='lat' dir='ltr'><strong>di„</strong></span> 
     </span>
    </p>
   </div>
   <div class='ocr_carea' id='block_1_11' title="bbox 1168 2743 1251 2782">
    <p class='ocr_par' dir='ltr' id='par_1_11' title="bbox 1168 2743 1251 2782">
     <span class='ocr_line' id='line_1_53' title="bbox 1168 2743 1251 2782; baseline 0 0"><span class='ocrx_word' id='word_1_456' title='bbox 1168 2743 1251 2782; x_wconf 80' lang='lat'><strong>10*</strong></span> 
     </span>
    </p>
   </div>
  </div>
 </body>
</html>
