1795 3081
213 91 314 139 278
484 85 551 135 M.
586 85 640 134 Τ.
681 85 1022 135 CICERONIS
1060 85 1446 136 EPISTOLAE.

221 209 369 253 nescio
393 213 688 262 quotenorum
713 207 932 261 iugerum,
962 213 1013 246 ut
1043 213 1165 247 certa
1193 209 1336 260 pretia
1366 208 1682 255 constituerem

223 264 471 318 quaemihi
502 268 605 302 nota
634 275 722 300 non
759 268 872 301 sunt.
931 260 1110 302 Scribes
1147 262 1202 302 ad
1246 276 1313 302 me
1355 264 1509 318 igitur,
1557 261 1684 315 quid-

183 319 331 373 2quid
373 319 529 374 egeris.
595 316 894 357 Vehementer
935 331 1006 356 me
1042 319 1258 357 sollicitat
1289 317 1464 357 Atticae
1507 324 1685 356 nostrae

220 374 458 416 valetudo:
489 380 540 412 ut
567 385 728 412 verear
756 374 904 423 etiam,
934 387 988 412 ne
1018 386 1103 425 qua
1134 374 1261 426 culpa
1291 374 1360 412 sit.
1399 371 1486 412 Sed
1510 379 1555 412 et
1583 385 1685 425 pae-

221 430 382 485 dagogi
423 428 637 482 probitas,
682 433 726 466 et
766 427 925 467 medici
970 427 1203 467 assiduitas
1248 435 1291 467 et
1326 434 1419 468 tota
1456 427 1609 468 domus
1638 430 1684 467 in

222 487 343 524 omni
373 497 533 540 genere
563 483 749 536 diligens
779 496 849 522 me
880 497 1033 522 rursus
1063 483 1110 523 id
1135 484 1353 537 suspicari
1376 489 1508 523 vetat.
1567 484 1684 524 Cura

221 542 374 601 igitur.
432 540 565 580 Plura
596 540 712 577 enim
742 552 829 578 non
859 552 1047 592 possum.

422 727 746 778 EPISTOLA
781 727 963 775 DLIII.
1001 726 1083 786 (ad
1118 727 1233 775 niv.
1270 727 1352 774 lx.
1390 726 1488 785 13.)

367 815 447 850 scr.
477 814 635 850 Asturae
662 827 792 850 mense
821 815 951 861 Aprili
987 816 1031 850 A.
1059 817 1105 850 U.
1133 816 1174 850 c.
1203 817 1284 850 709.
1325 816 1374 856 (a.
1403 815 1441 849 c.
1468 815 1546 856 45.)

224 887 358 935 Rogat,
384 893 426 921 ut
451 887 638 921 Suberino
667 893 703 921 et
729 887 861 921 Planio
888 886 1058 920 reditum
1085 887 1124 919 in
1150 886 1312 931 patriam
1339 899 1358 919 a
1385 885 1540 920 Caesare
1569 886 1690 930 impe-

225 940 323 978 tret3
351 946 488 979 eosque
515 936 566 968 ita
594 940 760 977 excusat,
794 941 837 967 ut
871 934 1045 968 ostendat
1079 946 1165 967 casu
1200 934 1365 978 quodam
1404 940 1441 967 et
1467 933 1691 969 necessitate

347 989 494 1017 coactos
523 984 694 1028 Pompeii
719 988 846 1028 partes
874 982 916 1015 in
944 983 1130 1027 Hispania
1156 987 1304 1016 secutos
1331 993 1423 1015 esse.
1451 984 1570 1016 1—4.

648 1054 825 1089 CICERO
864 1053 1193 1095 DOLABELLAE
1231 1052 1266 1088 s,

338 1127 384 1168 C.
402 1127 647 1167 Subernius
672 1126 859 1166 Calenus
890 1133 934 1166 et
962 1139 1084 1166 meus
1114 1133 1179 1166 est
1197 1127 1431 1166 familiaris
1462 1133 1505 1167 et
1527 1127 1695 1179 Leptae

229 1185 372 1222 nostri
401 1184 738 1221 familiarissimi
761 1184 1127 1235 pernecessarius.
1172 1181 1212 1220 Is
1233 1195 1366 1234 quum
1386 1181 1559 1221 vitandi
1585 1182 1694 1221 belli

229 1252 358 1278 causa
387 1240 612 1291 profectus
643 1244 754 1277 esset
782 1239 828 1276 in
859 1238 1118 1291 Hispaniam
1149 1250 1249 1276 cum
1272 1237 1334 1278 M.
1358 1237 1564 1277 Varrone
1596 1244 1696 1276 ante

230 1295 412 1344 bellum,
461 1300 512 1333 ut
550 1294 595 1331 in
634 1307 683 1332 ea
712 1295 944 1346 provincia
975 1299 1100 1343 esset,
1145 1294 1191 1331 in
1222 1307 1305 1344 qua
1335 1306 1462 1331 nemo
1493 1295 1697 1332 nostrum

230 1356 330 1403 post
358 1350 590 1388 Afranium
621 1355 873 1400 superatum
905 1349 1071 1387 bellum
1099 1349 1241 1386 ullum
1272 1350 1369 1387 fore
1398 1355 1591 1400 putarat,
1629 1349 1695 1386 in-

230 1404 339 1444 cidit
370 1406 416 1443 in
447 1417 495 1444 ea
524 1406 618 1456 ipsa
646 1405 776 1453 mala,
809 1417 919 1457 quae
949 1416 1119 1442 summo
1150 1402 1295 1442 studio
1325 1405 1560 1443 vitaverat.
1608 1403 1696 1457 Op-

230 1474 403 1514 pressus
434 1465 499 1499 est
528 1460 643 1498 enim
684 1460 802 1498 bello
842 1460 1097 1512 repentino:
1139 1457 1257 1511 quod
1298 1459 1464 1497 bellum
1507 1472 1697 1498 commo-

230 1524 324 1556 tum
363 1530 387 1556 a
427 1514 631 1569 Scapula,
673 1515 735 1554 ita
777 1521 930 1568 postea
968 1515 1275 1555 confirmatum
1313 1520 1377 1555 est
1419 1528 1444 1554 a
1472 1514 1697 1568 Pompeio,

233 1641 301 1663 nos
328 1628 531 1672 quaerebat
558 1629 706 1670 Cicero,
734 1634 775 1661 ut
801 1628 945 1662 celebri
973 1628 1058 1661 loco
1085 1627 1236 1659 Tulliae
1263 1628 1392 1659 fanum
1421 1631 1695 1660 exstrueretur.

232 1696 278 1701 -—-
306 1683 541 1722 quotcnorum
569 1682 698 1722 iugem,
726 1677 976 1720 Damasippus
1015 1685 1098 1708 suos
1125 1673 1256 1707 hortos
1285 1675 1323 1706 in
1351 1679 1476 1718 partes
1504 1674 1697 1717 diviserat,

233 1733 270 1759 et
296 1725 467 1769 qualibet
492 1731 601 1769 parte
628 1724 757 1757 nescio
783 1730 948 1768 quotena
969 1724 1103 1770 iugera
1121 1721 1433 1760 continebantur,
1453 1728 1556 1755 certo
1576 1722 1701 1755 cuius—

234 1785 307 1816 que
332 1773 454 1817 partis
480 1774 606 1817 pretio
644 1773 827 1806 MANUT.
863 1791 908 1796 —
945 1771 1125 1817 quidquid
1148 1773 1275 1816 egeris,
1314 1770 1408 1805 VVas
1434 1770 1495 1803 Du
1519 1770 1590 1803 mit
1618 1770 1701 1803 ihm

233 1821 398 1854 dax-iiber
423 1821 533 1853 wirst
559 1820 833 1854 unterhandelt
858 1820 994 1853 haben.

328 1872 361 1903 2.
411 1870 559 1902 Atticae
583 1883 617 1903 n.
645 1871 748 1902 valet.
796 1868 830 1902 S.
861 1881 919 1912 ep.
946 1870 1029 1909 542,
1054 1869 1089 1901 3.
1117 1885 1163 1891 —
1195 1880 1238 1900 ne
1273 1880 1344 1912 qua
1379 1868 1486 1909 culpa
1519 1868 1582 1903 sit,
1620 1865 1701 1899 dass

236 1917 299 1949 die
327 1917 476 1950 Schuld
502 1917 623 1950 davon
652 1917 791 1964 irgend
816 1928 950 1950 woran
977 1916 1092 1962 liege.
1119 1934 1165 1940 —
1194 1915 1263 1948 Sed
1286 1920 1320 1947 et
1346 1926 1394 1946 Ξ
1420 1913 1498 1946 und
1523 1912 1633 1946 doch.
1653 1933 1700 1938 —

235 1971 316 1998 tota
353 1966 715 2010 domzcs...dz'lz'gens
742 1976 789 1996 Ξ
815 1965 1113 1998 domesticorum
1150 1963 1327 1997 omnium
1365 1962 1584 2010 diligentia,
1621 1961 1701 1994 und

238 2013 308 2046 der
328 2013 433 2047 Geist
451 2014 521 2047 der
539 2013 841 2055 Piinctlichkeit‚
870 2013 937 2046 der
956 2012 1107 2045 iiberall
1128 2011 1167 2043 in
1184 2011 1350 2044 Deinem
1366 2010 1489 2043 Hause
1507 2010 1701 2043 herrscht.

238 2060 473 2095 Coum-etum
501 2073 570 2105 pro
598 2061 805 2095 Abstracto.
835 2080 879 2086 —
907 2061 1020 2095 Plura
1046 2065 1117 2093 cet.
1146 2059 1257 2092 Denn
1273 2058 1384 2092 Mehr
1417 2058 1519 2091 kann
1544 2057 1609 2090 ich
1633 2058 1702 2091 Dir

239 2108 402 2147 dariiber
427 2109 537 2142 nicht
563 2122 690 2157 sagen.

383 2181 731 2216 DOLABELLAE.
768 2180 802 2215 S.
830 2192 877 2213 zu
905 2190 961 2224 ep.
990 2181 1060 2216 389
1088 2180 1139 2213 im
1167 2179 1255 2216 Ans,

338 2245 370 2275 1.
423 2243 628 2275 Subernius.
671 2240 736 2274 Sic
763 2240 835 2273 Md.
863 2240 960 2273 Vict.
991 2244 1022 2274 1.
1049 2241 1082 2273 2.
1122 2239 1249 2272 Lamb.
1282 2239 1477 2272 suber-inus
1502 2237 1598 2271 cett.
1630 2238 1703 2271 OR.

241 2309 287 2319 ’-
318 2291 483 2330 Calenus,
518 2301 595 2323 von
632 2289 753 2329 Cales,
790 2289 875 2321 dein
911 2288 1080 2335 ietzigen
1108 2286 1216 2319 Calvi
1243 2287 1295 2319 im
1322 2285 1703 2331 Neapolitanischen.

241 2358 287 2363 —-
313 2338 462 2383 Leptae,
489 2337 557 2381 qui
585 2337 783 2371 Ciceronis
822 2336 863 2368 in
888 2335 1089 2381 provincia
1123 2336 1339 2379 praefectus
1379 2334 1529 2367 fabrum
1568 2334 1703 2367 fuerat.

244 2386 424 2421 MANUT.
476 2385 532 2418 Er
557 2397 639 2418 war
666 2384 889 2433 gleichfalls
916 2396 980 2417 aus
1008 2383 1125 2417 Cales.
1163 2382 1197 2416 S.
1227 2394 1284 2427 ep.
1313 2382 1444 2415 DXXI.
1484 2401 1524 2407 -
1562 2383 1709 2415 vitandi

244 2437 330 2470 bella·
355 2434 483 2467 civilis
511 2434 554 2466 in
582 2433 704 2466 Italia.
732 2452 779 2457 ——
813 2445 893 2466 cum
918 2433 966 2465 M.
998 2431 1168 2472 Varrone,
1205 2431 1271 2464 Cn.
1298 2430 1471 2474 Pompeii
1497 2429 1630 2477 Magni
1654 2430 1707 2463 le-

244 2488 343 2529 gato.
371 2502 417 2506 —
450 2486 533 2526 post
566 2481 702 2524 Afran.
733 2485 892 2523 superat.
926 2480 1055 2514 Unum
1080 2479 1254 2512 nominat
1281 2479 1452 2522 Pompeii
1478 2478 1706 2525 legatorum.

246 2531 401 2564 Plenius
429 2529 611 2563 dixisset:
646 2535 731 2574 post
756 2529 972 2574 Afranium,
1009 2528 1189 2561 Petreium
1220 2531 1254 2559 et
1283 2527 1481 2560 Varronem
1505 2530 1707 2570 superatos.

248 2579 346 2615 SGH.
375 2597 421 2604 —-·
445 2579 581 2617 studio,
617 2577 688 2609 mit
716 2577 784 2611 der
809 2578 985 2623 grb'ssten
1011 2575 1191 2621 Sorgfalt.
1225 2594 1273 2598 —
1310 2576 1421 2619 Oppr.
1449 2579 1504 2607 est
1539 2586 1591 2606 en.
1620 2574 1711 2606 hello

246 2640 335 2669 rep„
362 2627 464 2660 denn
493 2637 535 2659 er
558 2625 693 2659 wurde
720 2625 844 2658 durch
871 2625 945 2658 den
971 2622 1213 2668 plo'tzlichen
1237 2621 1441 2656 Ausbruch
1464 2621 1527 2654 des
1549 2620 1710 2668 Krieges

248 2673 482 2707 'ribei-rascht.
511 2692 557 2697 —
584 2687 606 2706 a
631 2672 722 2706 Tito
746 2672 924 2714 Quinctio
952 2673 1120 2714 Scapula.
1156 2671 1191 2703 Is
1219 2670 1322 2704 enim
1348 2674 1434 2714 post
1452 2668 1638 2712 Scipionis
1666 2668 1713 2701 ad

250 2721 445 2766 Thapsum
486 2721 631 2760 cladem
666 2734 685 2753 a
721 2720 910 2754 militibus
943 2720 981 2752 in
1015 2719 1199 2763 Hispania
1232 2730 1306 2755 una
1341 2729 1428 2751 cum
1455 2716 1601 2762 Aponio
1638 2716 1713 2749 dux
