1795 3081
546 66 860 117 EPISTULA
894 67 1044 119 DXC.
1438 74 1531 122 337

75 193 326 233 hellarium.
393 191 445 231 Ei
488 189 588 230 dedi
631 196 728 230 tuas
770 189 825 229 ad
853 188 1129 243 Vestorium,
1171 204 1275 244 quas
1314 190 1573 236 Pharnaciz

72 248 269 288 dederas.
328 245 616 288 Commodum
644 244 698 285 ad
725 251 766 284 te
791 246 997 285 miseram
1015 246 1238 296 Demeam,
1269 259 1401 298 quum
1424 247 1533 284 Eros

72 303 126 344 ad
153 317 221 343 me
250 305 385 343 venit.-
443 300 531 341 Sed
569 302 616 339 in
656 301 748 339 eius
788 301 975 353 epistola
1016 302 1130 339 nihil
1173 307 1270 340 erat
1305 303 1411 340 novi
1446 302 1534 339 nisi

74 360 326 397 auctionem
355 356 550 397 biduum.
607 354 674 394 Ab
712 367 763 394 ea
799 357 957 410 igitur,
999 363 1049 395 ut
1076 357 1258 395 scribis:
1304 363 1347 396 et
1383 356 1534 406 velim,

72 415 273 453 confecto
304 413 482 468 negotio
502 410 765 449 Faberiano:
798 424 925 462 quem
955 410 1131 463 quidem
1160 417 1290 466 negat
1317 412 1425 450 Eros
1453 411 1533 449 ho*-

74 468 158 508 die.
218 467 325 507 Cras
357 479 482 507 mane
511 472 649 518 putat.
707 464 744 503 A
773 471 816 504 te
855 465 1064 505 colendus
1102 472 1179 505 est.
1247 465 1359 505 Istae
1389 472 1535 505 autem

72 520 280 564 κολακίαι
310 535 398 561 non
427 522 558 575 longe
588 520 745 558 absunt
787 533 812 559 a
840 521 1020 561 scelere.
1078 520 1159 571 Te,
1198 527 1248 559 ut
1277 533 1423 573 spero,
1459 534 1535 574 pe-

73 577 239 617 rendie.
298 577 382 627 Mi,
412 574 593 614 sicunde
622 581 763 627 potes„
792 588 935 626 erues,
965 576 1041 628 qui
1066 575 1215 615 decem
1234 576 1369 631 legati
1387 576 1576 622 Mum-3

72 635 161 671 mio
193 634 373 672 fuerint.
432 630 643 682 Polybius
677 642 766 668 non
795 632 1007 670 nominat.
1064 631 1155 686 Ego
1193 633 1374 669 memini
1412 632 1534 670 Albi-

74 748 268 792 epistolam
301 746 491 778 misissem.
541 743 637 777 Nam
674 744 780 777 illam
813 748 883 781 cet,
927 742 1028 782 Sch.,
1065 744 1160 777 Liin.
1197 749 1341 780 mutav.
1374 756 1460 777 nam
1493 744 1536 777 in

76 807 181 829 nunc.
231 792 304 827 Sed
331 792 362 825 si
390 792 597 836 quidquam
623 791 849 825 mutandum
876 796 943 832 est,
970 791 1105 824 malim
1131 796 1207 825 iam
1231 802 1301 836 pro
1329 805 1426 826 nam.
1461 793 1534 827 ΟΒ.

73 843 228 881 Schiitz,
255 840 323 874 der
347 843 525 874 misissem
549 839 630 871 und
652 839 758 872 Nunc
783 839 896 880 lies't,
926 838 1096 872 erkl’zirt:
1131 839 1266 873 Cicero
1293 840 1364 872 ait:
1394 838 1535 884 episto-

72 890 150 924 lam
179 888 311 932 Quinti
336 887 411 921 filii
437 888 482 921 ad
507 898 568 920 me
593 887 778 931 scriptam
805 886 876 919 tibi
903 886 1103 927 misissem,
1143 887 1219 920 nisi
1244 892 1287 919 tu
1313 887 1411 920 mihi
1438 899 1537 920 nun-

73 939 218 979 tiasses,
256 942 295 970 te
320 941 474 980 praeter
500 935 610 968 illam
639 934 770 976 Quinti
795 934 842 967 ad
866 939 903 967 te
932 934 1145 978 epistolam,
1185 946 1299 978 quam
1332 935 1431 967 mihi
1466 935 1537 967 mi-

74 986 170 1027 sisti,
197 984 356 1018 alteram
384 983 430 1016 de
456 982 567 1016 rebus
594 982 635 1014 in
663 982 849 1026 Hispania
875 982 992 1029 gestis
1018 981 1220 1026 accepisse.
1272 983 1387 1015 Nunc
1424 982 1535 1015 illam

75 1033 208 1068 eodem
245 1031 434 1075 exemplo,
474 1040 549 1074 quo
585 1029 786 1073 epistolam
819 1029 866 1063 ad
902 1041 978 1071 me,
1012 1030 1193 1073 scriptam
1231 1040 1309 1063 esse
1347 1035 1453 1074 puto,
1495 1035 1538 1062 ut

74 1081 144 1114 tibi
168 1080 266 1113 hanc
291 1079 445 1112 mittere
471 1077 575 1110 nihil
602 1087 694 1121 opus
721 1079 782 1110 sit.
843 1077 977 1111 Allein
1003 1077 1241 1110 schwerlioh
1267 1082 1392 1123 wagte
1419 1078 1538 1120 Quin·

76 1134 137 1162 tus
162 1128 268 1161 filius
295 1139 343 1159 an
369 1126 502 1159 seinen
529 1124 648 1158 Onkel
679 1126 824 1158 Marcus
850 1136 898 1157 zu
924 1123 1137 1166 schreiben,
1173 1124 1247 1158 den
1275 1136 1317 1158 er
1344 1125 1442 1158 bein]
1470 1126 1538 1159 ΟΞ-

16 1202 17 1208 ,
77 1188 138 1211 sar
163 1175 266 1209 noch
292 1174 433 1208 immer
456 1173 692 1207 verl'asterte.
726 1173 761 1208 S.
789 1183 846 1217 ep.
875 1174 958 1215 563,
984 1173 1020 1207 2.
1054 1175 1192 1207 misisse
1217 1173 1266 1206 ist
1292 1173 1360 1206 der
1385 1173 1536 1206 Infinit.

16 1236 17 1243 ¹
77 1223 354 1258 admirationis.
1250 1254 1259 1255 i

171 1273 205 1307 2.
255 1276 338 1304 tuas
364 1269 415 1303 ad
440 1268 642 1303 Vestorium
666 1267 811 1308 literas,
850 1268 1000 1301 Deinen
1023 1266 1135 1300 Brief
1165 1279 1213 1301 an
1247 1268 1321 1303 den
1345 1267 1540 1313 Banquier

16 1354 17 1359 ¹
77 1319 286 1354 Vestorius.
338 1317 474 1351 Dieser
506 1316 607 1350 hielt
640 1315 723 1348 sich
749 1316 891 1348 damals
918 1317 986 1348 auf
1008 1316 1152 1348 seinem
1181 1316 1282 1350 Gute
1308 1317 1370 1350 bei
1397 1317 1540 1349 Cumae

16 1362 17 1367 ’
77 1369 151 1402 auf.
187 1367 222 1400 s.
255 1366 348 1399 fiber
382 1364 453 1397 ihn
488 1364 534 1397 ad
560 1363 671 1401 Attio,
708 1363 776 1404 ιν,
803 1366 835 1398 6.
863 1366 919 1397 14.
949 1366 1004 1399 16.
1032 1366 1088 1398 17.
1132 1363 1175 1404 v,
1203 1366 1237 1398 2.
1272 1365 1335 1405 VI,
1362 1366 1397 1399 2.
1434 1364 1539 1405 xm,

78 1419 136 1451 146.
175 1414 279 1456 XIV,
307 1414 364 1447 12.
390 1415 446 1446 1³..
485 1411 531 1444 ad
556 1411 693 1444 Famil.
720 1411 829 1452 VIII,
856 1413 888 1445 8.
930 1430 972 1436 —
1008 1412 1204 1452 Pharnaci,
1230 1422 1338 1445 servo
1365 1412 1537 1445 librario.

80 1464 159 1497 cfr.
195 1462 266 1506 Ep.
307 1460 354 1493 ad
378 1460 494 1493 Attic.
532 1459 635 1499 XIII,
668 1461 725 1498 42,
762 1457 799 1492 h.
828 1459 884 1492 ed.
912 1461 982 1494 627
1015 1459 1081 1492 sub
1108 1458 1175 1491 fin.
1211 1477 1258 1483 -
1293 1460 1540 1497 Commodum,

79 1521 119 1544 so
146 1509 253 1544 eben.
288 1527 335 1533 —
367 1510 552 1546 Demeam,
590 1517 755 1540 servum.
792 1525 839 1530 ——
875 1508 980 1540 Eros.
1027 1505 1063 1539 S.
1101 1517 1157 1550 ep.
1193 1508 1276 1548 587,
1309 1510 1343 1542 2.
1379 1526 1426 1532 —-
1466 1508 1542 1540 nisi

79 1561 284 1592 auctionem
309 1557 455 1589 biduum
485 1557 582 1593 fore,
621 1554 675 1587 als
710 1553 790 1586 dass
826 1554 889 1588 die
915 1554 1081 1587 Auction
1107 1553 1171 1587 des
1197 1553 1296 1588 Sext.
1325 1555 1541 1589 Peducaeus

80 1607 120 1640 in
153 1605 254 1639 zwei
286 1604 418 1651 Tagen
454 1613 526 1635 vor
566 1600 650 1634 sich
684 1601 812 1648 gehen
847 1602 990 1636 werde.
1027 1621 1075 1626 —
1119 1603 1164 1634 ab
1201 1610 1242 1636 ea
1280 1603 1304 1636 i.
1343 1614 1374 1637 e.
1414 1602 1541 1636 statim

80 1653 257 1688 auctione
291 1651 413 1692 finita,
458 1655 502 1682 ut
537 1649 686 1690 scribis,
730 1649 778 1682 ad
812 1661 873 1682 me
906 1649 1046 1684 venies.
1084 1651 1189 1683 SCH.
1234 1650 1326 1696 Vgl.
1364 1662 1422 1695 ep.
1458 1652 1540 1685 580.

80 1704 163 1743 581,
190 1703 222 1735 1.
262 1701 345 1741 585,
371 1703 404 1734 3.
431 1716 475 1724 -
513 1703 547 1731 et
573 1697 728 1741 quidem
762 1699 881 1735 velim,
917 1696 1012 1740 cons.
1049 1709 1130 1743 neg.
1157 1699 1301 1738 Faber„
1332 1698 1412 1731 und
1438 1708 1544 1731 zwar

81 1747 280 1783 wiinschte
307 1746 383 1789 ich,
420 1746 501 1779 dass
536 1745 598 1778 das
634 1744 817 1778 Geschaft
848 1745 921 1778 mit
959 1744 1139 1779 Faberius
1178 1744 1324 1779 vorher
1360 1746 1544 1793 beendigt

81 1799 197 1831 w‘are.
244 1795 280 1829 S.
314 1807 373 1839 ep.
409 1795 492 1835 585,
518 1797 552 1827 1.
595 1794 678 1834 588,
712 1796 745 1828 2.
784 1795 865 1836 589,
900 1795 934 1828 2.
965 1812 1013 1817 —
1050 1794 1155 1826 hodie
1188 1798 1419 1835 venturum;
1464 1805 1545 1827 cras

82 1857 187 1880 mane
213 1848 419 1876 venturum
452 1847 575 1886 putat.
612 1859 659 1865 —-
693 1842 859 1875 colendas
893 1846 945 1875 est
975 1841 1169 1883 Faberius,
1205 1841 1468 1882 Caesarianus,
1502 1845 1546 1873 ut

84 1894 207 1927 solvat
233 1891 427 1924 libentius.
456 1890 662 1923 CORRAD.
689 1889 776 1930 „Du
802 1894 920 1922 musst
938 1888 1008 1921 ihn
1029 1889 1171 1930 feiern,
1199 1888 1282 1920 ihm
1302 1894 1392 1936 gute
1405 1889 1546 1924 Worte

83 1940 244 1988 gel)en.“
278 1957 325 1963 —
357 1940 582 1972 κολακίαι
614 1950 698 1971 non.
738 1937 943 1984 Ingeniose
977 1937 1004 1970 I.
1032 1937 1073 1969 F.
1102 1936 1273 1971 Gronov,
1307 1936 1416 1980 prob.
1452 1936 1546 1969 Ern.

85 1986 235 2022 delend.
264 1986 414 2019 censuit
437 1996 535 2026 non,
579 1984 883 2027 deleveruntque
910 1984 1007 2017 Lall.
1036 1983 1124 2017 Sch.
1162 1989 1198 2016 et
1224 1984 1320 2016 L'un.
1359 1984 1403 2017 Id
1428 1995 1548 2016 unum

83 2034 307 2076 videndum,
346 2045 393 2067 ne
428 2033 467 2066 h.
495 2033 522 2066 l.
559 2032 731 2077 eruperit
770 2032 892 2065 libera
925 2031 1050 2064 Tullii
1086 2031 1316 2079 indignatio.
1367 2031 1548 2072 „Adeone

83 2084 146 2117 his
172 2081 410 2128 temporibus
438 2081 554 2115 etiam
580 2080 758 2114 adversus
785 2080 975 2113 debitores
1014 2090 1167 2123 semper
1199 2078 1432 2112 adhibendas
1469 2090 1548 2112 esse

21 2170 23 2173 ¹
84 2130 306 2170 nozam'agw
336 2130 410 2162 ΟΒ.
448 2128 661 2162 ERNESTI
685 2133 815 2161 contra
841 2128 913 2160 sic:
951 2140 1022 2160 non
1050 2126 1177 2160 deleri
1202 2127 1341 2171 placet.
1392 2126 1549 2160 Dixerat

85 2178 222 2213 blande
250 2175 493 2210 tractandum
520 2187 597 2210 esse
623 2176 840 2216 Faberium,
868 2181 909 2207 ut
934 2175 1048 2208 facile
1075 2174 1253 2208 solveret.
1307 2176 1457 2208 Poterat
1482 2175 1548 2206 At-

86 2227 183 2260 ticus
211 2225 365 2258 dicere:
405 2235 483 2257 non
516 2224 718 2257 honestum
745 2229 798 2257 est
836 2223 928 2256 tales
963 2221 1136 2256 homines
1171 2221 1331 2255 adulari.
1382 2222 1551 2266 Respon-

87 2275 161 2314 det,
190 2273 233 2306 in
260 2272 331 2305 tali
357 2283 411 2313 re,
438 2277 481 2305 ut
507 2272 736 2315 accipiamus
763 2276 908 2312 nostra,
944 2280 1021 2303 non
1055 2275 1110 2303 est
1135 2275 1247 2315 turpe
1273 2269 1333 2303 uti
1358 2269 1429 2303 tali
1455 2269 1550 2303 arti-

87 2322 186 2355 ficio.
213 2339 260 2345 -—
282 2321 452 2365 perendie
477 2319 625 2352 videbo.

182 2371 216 2404 3.
267 2369 506 2410 Mi...erues,
533 2367 594 2400 Du
610 2366 732 2408 wirst,
757 2377 871 2399 wenn
891 2365 951 2398 Du
979 2376 1015 2399 es
1041 2365 1319 2412 irgendwoher
1343 2369 1551 2412 vermagst,

88 2417 167 2449 mir
199 2415 489 2449 hervorsuchen
521 2427 556 2448 n.
585 2427 610 2447 s.
637 2427 687 2447 w.
740 2413 803 2446 Sic
835 2413 925 2447 Cdd.
955 2413 1102 2446 decurt.
1128 2413 1298 2447 Tornaes
1327 2418 1398 2446 cet.
1432 2423 1553 2446 eruere

90 2464 163 2497 Md.
194 2463 311 2496 Oxon.
341 2466 372 2496 1.
399 2466 432 2498 2.
462 2468 532 2496 cet.
565 2463 636 2496 ΟΒ.
671 2461 759 2495 Sch.
786 2463 882 2495 Liin.
921 2473 1012 2494 erue.
1046 2479 1094 2486 —
1128 2462 1316 2501 Mummio,
1356 2460 1416 2493 die
1451 2459 1552 2493 zehn

90 2513 272 2558 Legaten,
290 2510 350 2544 die
373 2510 441 2544 der
458 2510 572 2544 Senat
589 2510 674 2543 dem
695 2509 836 2542 Consul
857 2509 897 2541 L.
912 2509 1114 2541 Mummius
1126 2508 1331 2546 Achaicus,
1353 2507 1439 2540 dem
1460 2507 1555 2540 Zer-

91 2561 215 2593 st'o'rer
229 2558 430 2599 Korinths,
443 2557 679 2595 zuschickte,
698 2568 761 2588 um
776 2556 868 2595 ihm,
882 2555 1059 2590 welcher
1073 2556 1142 2589 der
1160 2567 1237 2589 von
1252 2555 1336 2588 ihm
1355 2555 1557 2588 eroberten

91 2606 255 2640 Provinz
268 2605 412 2638 Achaia
428 2606 514 2639 eine
529 2616 627 2638 neue
639 2604 875 2651 Verfassung
888 2604 1009 2650 geben
1023 2604 1149 2641 sollte,
1170 2602 1279 2636 dabei
1297 2615 1345 2635 zu
1357 2602 1502 2635 helsen.
1520 2601 1556 2636 S.

91 2655 244 2688 Pausan.
263 2653 303 2685 in
324 2652 516 2686 Achaicis.
551 2651 769 2687 Aehnliche
790 2650 1100 2696 geschichtliche
1115 2652 1315 2697 Anfragen
1333 2662 1389 2683 ,ειη
1406 2649 1560 2682 Attikus

92 2715 118 2736 s.
135 2713 192 2746 ep.
208 2702 289 2742 542,
303 2703 337 2736 2.
359 2701 441 2741 541,
455 2703 487 2736 2.
503 2713 541 2734 u.
563 2713 588 2734 s.
611 2712 662 2734 w.
679 2718 721 2725 —
744 2700 927 2734 Albinum.
956 2699 1090 2733 Dieser
1109 2699 1152 2732 A.
1175 2698 1387 2733 Postumius
1404 2696 1562 2732 Albinus

144 2771 224 2806 cic.
240 2770 368 2806 Briefe
382 2783 418 2805 v.
435 2769 596 2807 Billerb.
617 2770 688 2806 111.
1205 2760 1259 2800 22
