<?xml version="1.0" encoding="UTF-8"?>
<!DOCTYPE html PUBLIC "-//W3C//DTD XHTML 1.0 Transitional//EN"
    "http://www.w3.org/TR/xhtml1/DTD/xhtml1-transitional.dtd">
<html xmlns="http://www.w3.org/1999/xhtml" xml:lang="en" lang="en">
 <head>
  <title>
</title>
<meta http-equiv="Content-Type" content="text/html;charset=utf-8" />
  <meta name='ocr-system' content='tesseract 3.04.00' />
  <meta name='ocr-capabilities' content='ocr_page ocr_carea ocr_par ocr_line ocrx_word'/>
</head>
<body>
  <div class='ocr_page' id='page_1' title='image "./epistolaeadattic03ciceuoft_0199.png"; bbox 0 0 1795 3081; ppageno 0'>
   <div class='ocr_carea' id='block_1_1' title="bbox 434 61 1530 114">
    <p class='ocr_par' dir='ltr' id='par_1_1' title="bbox 434 61 1530 114">
     <span class='ocr_line' id='line_1_1' title="bbox 434 61 1530 114; baseline -0.003 -2"><span class='ocrx_word' id='word_1_1' title='bbox 434 61 752 114; x_wconf 88' lang='lat' dir='ltr'>EPISTOLA</span> <span class='ocrx_word' id='word_1_2' title='bbox 790 63 1131 114; x_wconf 90' lang='lat' dir='ltr'><strong>CCCCXCIV.</strong></span> <span class='ocrx_word' id='word_1_3' title='bbox 1433 63 1530 110; x_wconf 81' lang='lat'>189</span> 
     </span>
    </p>
   </div>
   <div class='ocr_carea' id='block_1_2' title="bbox 69 182 1570 1508">
    <p class='ocr_par' dir='ltr' id='par_1_2' title="bbox 69 182 1570 1508">
     <span class='ocr_line' id='line_1_2' title="bbox 72 182 1530 238; baseline -0.003 -11"><span class='ocrx_word' id='word_1_4' title='bbox 72 187 210 229; x_wconf 86' lang='lat' dir='ltr'>fidere</span> <span class='ocrx_word' id='word_1_5' title='bbox 240 186 482 230; x_wconf 77' lang='lat' dir='ltr'>videbatur</span> <span class='ocrx_word' id='word_1_6' title='bbox 512 192 555 227; x_wconf 90' lang='lat' dir='ltr'>te</span> <span class='ocrx_word' id='word_1_7' title='bbox 585 200 663 227; x_wconf 89' lang='lat' dir='ltr'>sua</span> <span class='ocrx_word' id='word_1_8' title='bbox 689 198 833 234; x_wconf 83' lang='lat' dir='ltr'>causa,</span> <span class='ocrx_word' id='word_1_9' title='bbox 865 198 977 238; x_wconf 85' lang='lat' dir='ltr'>qnae</span> <span class='ocrx_word' id='word_1_10' title='bbox 998 184 1180 224; x_wconf 84' lang='lat' dir='ltr'>honeste</span> <span class='ocrx_word' id='word_1_11' title='bbox 1199 195 1364 238; x_wconf 82' lang='lat' dir='ltr'>posses,</span> <span class='ocrx_word' id='word_1_12' title='bbox 1390 182 1530 224; x_wconf 82' lang='lat' dir='ltr'>liben-</span> 
     </span>
     <span class='ocr_line' id='line_1_3' title="bbox 71 238 1530 295; baseline -0.003 -11"><span class='ocrx_word' id='word_1_13' title='bbox 71 251 144 284; x_wconf 87' lang='lat' dir='ltr'>ter</span> <span class='ocrx_word' id='word_1_14' title='bbox 175 258 269 285; x_wconf 82' lang='lat' dir='ltr'>esse</span> <span class='ocrx_word' id='word_1_15' title='bbox 300 245 536 289; x_wconf 86' lang='lat' dir='ltr'>facturum,</span> <span class='ocrx_word' id='word_1_16' title='bbox 567 255 775 295; x_wconf 73' lang='lat' dir='ltr'>magnum</span> <span class='ocrx_word' id='word_1_17' title='bbox 806 253 900 279; x_wconf 87' lang='lat' dir='ltr'>esse</span> <span class='ocrx_word' id='word_1_18' title='bbox 933 247 1080 279; x_wconf 87' lang='lat' dir='ltr'>tamen</span> <span class='ocrx_word' id='word_1_19' title='bbox 1112 240 1308 291; x_wconf 85' lang='lat' dir='ltr'>speravit</span> <span class='ocrx_word' id='word_1_20' title='bbox 1338 238 1455 291; x_wconf 85' lang='lat' dir='ltr'>apud</span> <span class='ocrx_word' id='word_1_21' title='bbox 1484 246 1530 279; x_wconf 79' lang='lat' dir='ltr'>te</span> 
     </span>
     <span class='ocr_line' id='line_1_4' title="bbox 71 294 1530 353; baseline -0.003 -15"><span class='ocrx_word' id='word_1_22' title='bbox 71 313 191 339; x_wconf 82' lang='lat' dir='ltr'>meas</span> <span class='ocrx_word' id='word_1_23' title='bbox 223 313 399 353; x_wconf 88' lang='lat' dir='ltr'>quoque</span> <span class='ocrx_word' id='word_1_24' title='bbox 430 299 585 338; x_wconf 81' lang='lat' dir='ltr'>literas</span> <span class='ocrx_word' id='word_1_25' title='bbox 611 297 771 347; x_wconf 75' lang='lat' dir='ltr'>pondus</span> <span class='ocrx_word' id='word_1_26' title='bbox 796 295 1028 332; x_wconf 72' lang='lat' dir='ltr'>habituras.</span> <span class='ocrx_word' id='word_1_27' title='bbox 1087 294 1138 334; x_wconf 89' lang='lat' dir='ltr'>Id</span> <span class='ocrx_word' id='word_1_28' title='bbox 1167 308 1300 349; x_wconf 86' lang='lat' dir='ltr'>quum</span> <span class='ocrx_word' id='word_1_29' title='bbox 1340 296 1435 347; x_wconf 87' lang='lat' dir='ltr'>ipse</span> <span class='ocrx_word' id='word_1_30' title='bbox 1465 296 1530 334; x_wconf 85' lang='lat' dir='ltr'>ita</span> 
     </span>
     <span class='ocr_line' id='line_1_5' title="bbox 73 349 1527 406; baseline -0.003 -13"><span class='ocrx_word' id='word_1_31' title='bbox 73 355 320 404; x_wconf 86' lang='lat' dir='ltr'>iudicabat,</span> <span class='ocrx_word' id='word_1_32' title='bbox 353 362 445 394; x_wconf 81' lang='lat' dir='ltr'>turn</span> <span class='ocrx_word' id='word_1_33' title='bbox 477 366 559 406; x_wconf 87' lang='lat' dir='ltr'>pro</span> <span class='ocrx_word' id='word_1_34' title='bbox 591 351 804 391; x_wconf 78' lang='lat' dir='ltr'>familiari</span> <span class='ocrx_word' id='word_1_35' title='bbox 835 349 1164 390; x_wconf 82' lang='lat' dir='ltr'>consuetudine</span> <span class='ocrx_word' id='word_1_36' title='bbox 1204 362 1336 402; x_wconf 76' lang='lat' dir='ltr'>saepe</span> <span class='ocrx_word' id='word_1_37' title='bbox 1374 363 1425 388; x_wconf 80' lang='lat' dir='ltr'>ex</span> <span class='ocrx_word' id='word_1_38' title='bbox 1456 362 1527 388; x_wconf 85' lang='lat' dir='ltr'>me</span> 
     </span>
     <span class='ocr_line' id='line_1_6' title="bbox 72 407 1526 461; baseline -0.004 -13"><span class='ocrx_word' id='word_1_39' title='bbox 72 408 296 459; x_wconf 81' lang='lat' dir='ltr'>audierat,</span> <span class='ocrx_word' id='word_1_40' title='bbox 339 422 468 461; x_wconf 83' lang='lat' dir='ltr'>quam</span> <span class='ocrx_word' id='word_1_41' title='bbox 511 409 664 446; x_wconf 85' lang='lat' dir='ltr'>suavis</span> <span class='ocrx_word' id='word_1_42' title='bbox 709 413 825 446; x_wconf 89' lang='lat' dir='ltr'>esset</span> <span class='ocrx_word' id='word_1_43' title='bbox 867 407 988 444; x_wconf 86' lang='lat' dir='ltr'>inter</span> <span class='ocrx_word' id='word_1_44' title='bbox 1030 417 1109 443; x_wconf 87' lang='lat' dir='ltr'>nos</span> <span class='ocrx_word' id='word_1_45' title='bbox 1149 410 1193 443; x_wconf 90' lang='lat' dir='ltr'>et</span> <span class='ocrx_word' id='word_1_46' title='bbox 1228 411 1394 457; x_wconf 80' lang='lat' dir='ltr'>quanta</span> <span class='ocrx_word' id='word_1_47' title='bbox 1424 417 1526 443; x_wconf 86' lang='lat' dir='ltr'>con-</span> 
     </span>
     <span class='ocr_line' id='line_1_7' title="bbox 71 456 1570 518; baseline -0.003 -16"><span class='ocrx_word' id='word_1_48' title='bbox 71 466 263 504; x_wconf 84' lang='lat' dir='ltr'>iunctio.</span> <span class='ocrx_word' id='word_1_49' title='bbox 325 464 430 503; x_wconf 83' lang='lat' dir='ltr'>Peto</span> <span class='ocrx_word' id='word_1_50' title='bbox 460 464 605 518; x_wconf 84' lang='lat' dir='ltr'>igitur</span> <span class='ocrx_word' id='word_1_51' title='bbox 635 475 659 500; x_wconf 85' lang='lat' dir='ltr'>a</span> <span class='ocrx_word' id='word_1_52' title='bbox 689 469 749 510; x_wconf 87' lang='lat' dir='ltr'>te,</span> <span class='ocrx_word' id='word_1_53' title='bbox 779 467 904 500; x_wconf 88' lang='lat' dir='ltr'>tanto</span> <span class='ocrx_word' id='word_1_54' title='bbox 943 460 1118 498; x_wconf 85' lang='lat' dir='ltr'>scilicet</span> <span class='ocrx_word' id='word_1_55' title='bbox 1156 460 1319 505; x_wconf 78' lang='lat' dir='ltr'>studio,</span> <span class='ocrx_word' id='word_1_56' title='bbox 1361 456 1570 513; x_wconf 85' lang='lat' dir='ltr'>quant02</span> 
     </span>
     <span class='ocr_line' id='line_1_8' title="bbox 71 515 1532 573; baseline -0.003 -15"><span class='ocrx_word' id='word_1_57' title='bbox 71 520 291 573; x_wconf 83' lang='lat' dir='ltr'>intelligis</span> <span class='ocrx_word' id='word_1_58' title='bbox 321 516 479 558; x_wconf 82' lang='lat' dir='ltr'>debere</span> <span class='ocrx_word' id='word_1_59' title='bbox 508 530 577 556; x_wconf 90' lang='lat' dir='ltr'>me</span> <span class='ocrx_word' id='word_1_60' title='bbox 608 523 763 570; x_wconf 84' lang='lat' dir='ltr'>petere</span> <span class='ocrx_word' id='word_1_61' title='bbox 793 529 876 569; x_wconf 85' lang='lat' dir='ltr'>pro</span> <span class='ocrx_word' id='word_1_62' title='bbox 906 515 1086 555; x_wconf 85' lang='lat' dir='ltr'>homine</span> <span class='ocrx_word' id='word_1_63' title='bbox 1117 520 1204 554; x_wconf 71' lang='lat' dir='ltr'>tarn</span> <span class='ocrx_word' id='word_1_64' title='bbox 1234 515 1348 553; x_wconf 87' lang='lat' dir='ltr'>mihi</span> <span class='ocrx_word' id='word_1_65' title='bbox 1381 527 1532 554; x_wconf 84' lang='lat' dir='ltr'>neces-</span> 
     </span>
     <span class='ocr_line' id='line_1_9' title="bbox 71 570 1530 623; baseline -0.003 -10"><span class='ocrx_word' id='word_1_66' title='bbox 71 577 194 614; x_wconf 85' lang='lat' dir='ltr'>sario</span> <span class='ocrx_word' id='word_1_67' title='bbox 227 581 271 614; x_wconf 88' lang='lat' dir='ltr'>et</span> <span class='ocrx_word' id='word_1_68' title='bbox 310 580 399 613; x_wconf 89' lang='lat' dir='ltr'>tam</span> <span class='ocrx_word' id='word_1_69' title='bbox 441 573 673 623; x_wconf 79' lang='lat' dir='ltr'>familiari,</span> <span class='ocrx_word' id='word_1_70' title='bbox 716 578 768 611; x_wconf 85' lang='lat' dir='ltr'>ut</span> <span class='ocrx_word' id='word_1_71' title='bbox 804 573 901 611; x_wconf 86' lang='lat' dir='ltr'>eius</span> <span class='ocrx_word' id='word_1_72' title='bbox 941 571 1134 623; x_wconf 83' lang='lat' dir='ltr'>negotia,</span> <span class='ocrx_word' id='word_1_73' title='bbox 1180 582 1293 622; x_wconf 83' lang='lat' dir='ltr'>quae</span> <span class='ocrx_word' id='word_1_74' title='bbox 1342 577 1445 610; x_wconf 88' lang='lat' dir='ltr'>sunt</span> <span class='ocrx_word' id='word_1_75' title='bbox 1482 570 1530 608; x_wconf 90' lang='lat' dir='ltr'>in</span> 
     </span>
     <span class='ocr_line' id='line_1_10' title="bbox 70 622 1527 681; baseline -0.003 -13"><span class='ocrx_word' id='word_1_76' title='bbox 70 629 251 674; x_wconf 80' lang='lat' dir='ltr'><strong>Achaia,</strong></span> <span class='ocrx_word' id='word_1_77' title='bbox 297 641 348 667; x_wconf 82' lang='lat' dir='ltr'>ex</span> <span class='ocrx_word' id='word_1_78' title='bbox 392 641 453 673; x_wconf 86' lang='lat' dir='ltr'>eo,</span> <span class='ocrx_word' id='word_1_79' title='bbox 501 627 620 681; x_wconf 90' lang='lat' dir='ltr'>quod</span> <span class='ocrx_word' id='word_1_80' title='bbox 656 627 784 666; x_wconf 87' lang='lat' dir='ltr'>heres</span> <span class='ocrx_word' id='word_1_81' title='bbox 823 633 890 666; x_wconf 87' lang='lat' dir='ltr'>est</span> <span class='ocrx_word' id='word_1_82' title='bbox 919 625 970 664; x_wconf 85' lang='lat' dir='ltr'>M</span> <span class='ocrx_word' id='word_1_83' title='bbox 1015 622 1207 676; x_wconf 63' lang='lat' dir='ltr'>Mindh»,</span> <span class='ocrx_word' id='word_1_84' title='bbox 1252 626 1388 664; x_wconf 78' lang='lat' dir='ltr'>fratri</span> <span class='ocrx_word' id='word_1_85' title='bbox 1429 638 1527 673; x_wconf 86' lang='lat' dir='ltr'>suo,</span> 
     </span>
     <span class='ocr_line' id='line_1_11' title="bbox 71 678 1528 739; baseline -0.003 -16"><span class='ocrx_word' id='word_1_86' title='bbox 71 686 148 738; x_wconf 87' lang='lat' dir='ltr'>qui</span> <span class='ocrx_word' id='word_1_87' title='bbox 179 685 246 723; x_wconf 89' lang='lat' dir='ltr'>Eli</span> <span class='ocrx_word' id='word_1_88' title='bbox 275 685 529 739; x_wconf 73' lang='lat' dir='ltr'>negotiatus</span> <span class='ocrx_word' id='word_1_89' title='bbox 562 689 639 727; x_wconf 88' lang='lat' dir='ltr'>est,</span> <span class='ocrx_word' id='word_1_90' title='bbox 688 682 881 734; x_wconf 83' lang='lat' dir='ltr'>explices</span> <span class='ocrx_word' id='word_1_91' title='bbox 924 688 968 720; x_wconf 85' lang='lat' dir='ltr'>et</span> <span class='ocrx_word' id='word_1_92' title='bbox 1005 678 1210 733; x_wconf 82' lang='lat' dir='ltr'>expedias</span> <span class='ocrx_word' id='word_1_93' title='bbox 1248 693 1387 733; x_wconf 85' lang='lat' dir='ltr'>quum</span> <span class='ocrx_word' id='word_1_94' title='bbox 1428 681 1528 719; x_wconf 86' lang='lat' dir='ltr'>iure</span> 
     </span>
     <span class='ocr_line' id='line_1_12' title="bbox 71 735 1529 792; baseline -0.005 -13"><span class='ocrx_word' id='word_1_95' title='bbox 71 747 115 779; x_wconf 87' lang='lat' dir='ltr'>et</span> <span class='ocrx_word' id='word_1_96' title='bbox 145 745 377 791; x_wconf 80' lang='lat' dir='ltr'>potestate,</span> <span class='ocrx_word' id='word_1_97' title='bbox 411 751 542 792; x_wconf 87' lang='lat' dir='ltr'>quam</span> <span class='ocrx_word' id='word_1_98' title='bbox 573 737 722 786; x_wconf 84' lang='lat' dir='ltr'>habes,</span> <span class='ocrx_word' id='word_1_99' title='bbox 759 742 853 776; x_wconf 87' lang='lat' dir='ltr'>tum</span> <span class='ocrx_word' id='word_1_100' title='bbox 890 737 1021 776; x_wconf 84' lang='lat' dir='ltr'>etiarn</span> <span class='ocrx_word' id='word_1_101' title='bbox 1053 735 1321 774; x_wconf 83' lang='lat' dir='ltr'>auctoritate</span> <span class='ocrx_word' id='word_1_102' title='bbox 1352 742 1395 774; x_wconf 80' lang='lat' dir='ltr'>et</span> <span class='ocrx_word' id='word_1_103' title='bbox 1425 748 1529 774; x_wconf 90' lang='lat' dir='ltr'>con-</span> 
     </span>
     <span class='ocr_line' id='line_1_13' title="bbox 69 789 1529 846; baseline -0.005 -12"><span class='ocrx_word' id='word_1_104' title='bbox 69 796 176 834; x_wconf 89' lang='lat' dir='ltr'>silio</span> <span class='ocrx_word' id='word_1_105' title='bbox 207 802 301 834; x_wconf 80' lang='lat' dir='ltr'>tuo.</span> <span class='ocrx_word' id='word_1_106' title='bbox 360 794 435 833; x_wconf 83' lang='lat' dir='ltr'>Sic</span> <span class='ocrx_word' id='word_1_107' title='bbox 466 795 584 832; x_wconf 90' lang='lat' dir='ltr'>enim</span> <span class='ocrx_word' id='word_1_108' title='bbox 614 792 984 846; x_wconf 86' lang='lat' dir='ltr'>praescripsimus</span> <span class='ocrx_word' id='word_1_109' title='bbox 1015 792 1089 841; x_wconf 83' lang='lat' dir='ltr'>iis,</span> <span class='ocrx_word' id='word_1_110' title='bbox 1120 789 1282 841; x_wconf 86' lang='lat' dir='ltr'>quibus</span> <span class='ocrx_word' id='word_1_111' title='bbox 1314 802 1366 828; x_wconf 87' lang='lat' dir='ltr'>ea</span> <span class='ocrx_word' id='word_1_112' title='bbox 1397 802 1529 845; x_wconf 82' lang='lat' dir='ltr'>nego-</span> 
     </span>
     <span class='ocr_line' id='line_1_14' title="bbox 69 845 1528 898; baseline -0.005 -9"><span class='ocrx_word' id='word_1_113' title='bbox 69 851 133 889; x_wconf 89' lang='lat' dir='ltr'>tia</span> <span class='ocrx_word' id='word_1_114' title='bbox 163 848 485 897; x_wconf 76' lang='lat' dir='ltr'>mandavimus,</span> <span class='ocrx_word' id='word_1_115' title='bbox 515 855 566 888; x_wconf 87' lang='lat' dir='ltr'>ut</span> <span class='ocrx_word' id='word_1_116' title='bbox 595 848 801 887; x_wconf 87' lang='lat' dir='ltr'>omnibus</span> <span class='ocrx_word' id='word_1_117' title='bbox 833 849 879 886; x_wconf 89' lang='lat' dir='ltr'>in</span> <span class='ocrx_word' id='word_1_118' title='bbox 912 847 1060 896; x_wconf 87' lang='lat' dir='ltr'>rebus,</span> <span class='ocrx_word' id='word_1_119' title='bbox 1099 857 1211 897; x_wconf 84' lang='lat' dir='ltr'>quae</span> <span class='ocrx_word' id='word_1_120' title='bbox 1252 846 1297 883; x_wconf 90' lang='lat' dir='ltr'>in</span> <span class='ocrx_word' id='word_1_121' title='bbox 1329 845 1528 898; x_wconf 83' lang='lat' dir='ltr'>aliquam</span> 
     </span>
     <span class='ocr_line' id='line_1_15' title="bbox 69 898 1528 953; baseline -0.004 -9"><span class='ocrx_word' id='word_1_122' title='bbox 69 906 423 944; x_wconf 85' lang='lat' dir='ltr'>controversiam</span> <span class='ocrx_word' id='word_1_123' title='bbox 454 910 743 952; x_wconf 85' lang='lat' dir='ltr'>vocarentur,</span> <span class='ocrx_word' id='word_1_124' title='bbox 775 910 819 943; x_wconf 90' lang='lat' dir='ltr'>te</span> <span class='ocrx_word' id='word_1_125' title='bbox 841 902 1029 951; x_wconf 86' lang='lat' dir='ltr'>arbitro,</span> <span class='ocrx_word' id='word_1_126' title='bbox 1061 908 1119 949; x_wconf 85' lang='lat' dir='ltr'>et,</span> <span class='ocrx_word' id='word_1_127' title='bbox 1151 899 1271 953; x_wconf 85' lang='lat' dir='ltr'>quod</span> <span class='ocrx_word' id='word_1_128' title='bbox 1292 898 1528 939; x_wconf 82' lang='lat' dir='ltr'>commodo</span> 
     </span>
     <span class='ocr_line' id='line_1_16' title="bbox 70 955 1529 1012; baseline -0.005 -12"><span class='ocrx_word' id='word_1_129' title='bbox 70 967 148 1000; x_wconf 86' lang='lat' dir='ltr'>tuo</span> <span class='ocrx_word' id='word_1_130' title='bbox 178 959 277 998; x_wconf 89' lang='lat' dir='ltr'>fieri</span> <span class='ocrx_word' id='word_1_131' title='bbox 307 965 468 1012; x_wconf 88' lang='lat' dir='ltr'>posset,</span> <span class='ocrx_word' id='word_1_132' title='bbox 501 966 545 998; x_wconf 85' lang='lat' dir='ltr'>te</span> <span class='ocrx_word' id='word_1_133' title='bbox 578 957 878 1011; x_wconf 84' lang='lat' dir='ltr'>disceptatore</span> <span class='ocrx_word' id='word_1_134' title='bbox 906 963 1156 996; x_wconf 83' lang='lat' dir='ltr'>uterentur.</span> <span class='ocrx_word' id='word_1_135' title='bbox 1215 955 1265 994; x_wconf 91' lang='lat' dir='ltr'>Id</span> <span class='ocrx_word' id='word_1_136' title='bbox 1305 961 1357 994; x_wconf 88' lang='lat' dir='ltr'>ut</span> <span class='ocrx_word' id='word_1_137' title='bbox 1385 956 1529 994; x_wconf 84' lang='lat' dir='ltr'>hono-</span> 
     </span>
     <span class='ocr_line' id='line_1_17' title="bbox 70 1011 1528 1066; baseline -0.003 -13"><span class='ocrx_word' id='word_1_138' title='bbox 70 1016 133 1054; x_wconf 89' lang='lat' dir='ltr'>ris</span> <span class='ocrx_word' id='word_1_139' title='bbox 166 1016 253 1054; x_wconf 89' lang='lat' dir='ltr'>mei</span> <span class='ocrx_word' id='word_1_140' title='bbox 285 1028 417 1054; x_wconf 87' lang='lat' dir='ltr'>causa</span> <span class='ocrx_word' id='word_1_141' title='bbox 444 1015 674 1066; x_wconf 79' lang='lat' dir='ltr'>suscipias,</span> <span class='ocrx_word' id='word_1_142' title='bbox 703 1014 992 1054; x_wconf 85' lang='lat' dir='ltr'>vehementer</span> <span class='ocrx_word' id='word_1_143' title='bbox 1012 1019 1055 1052; x_wconf 85' lang='lat' dir='ltr'>te</span> <span class='ocrx_word' id='word_1_144' title='bbox 1076 1013 1210 1051; x_wconf 84' lang='lat' dir='ltr'>etiarn</span> <span class='ocrx_word' id='word_1_145' title='bbox 1237 1017 1370 1063; x_wconf 78' lang='lat' dir='ltr'>atque</span> <span class='ocrx_word' id='word_1_146' title='bbox 1392 1011 1528 1049; x_wconf 75' lang='lat' dir='ltr'>«etiam</span> 
     </span>
     <span class='ocr_line' id='line_1_18' title="bbox 69 1061 1570 1124; baseline -0.005 -15"><span class='ocrx_word' id='word_1_147' title='bbox 69 1082 195 1124; x_wconf 77' lang='lat' dir='ltr'>rogo,</span> <span class='ocrx_word' id='word_1_148' title='bbox 263 1069 382 1108; x_wconf 92' lang='lat' dir='ltr'>Illud</span> <span class='ocrx_word' id='word_1_149' title='bbox 423 1076 675 1122; x_wconf 87' lang='lat' dir='ltr'>praeterea,</span> <span class='ocrx_word' id='word_1_150' title='bbox 724 1070 764 1108; x_wconf 92' lang='lat' dir='ltr'>si</span> <span class='ocrx_word' id='word_1_151' title='bbox 803 1081 892 1107; x_wconf 88' lang='lat' dir='ltr'>non</span> <span class='ocrx_word' id='word_1_152' title='bbox 936 1068 1133 1107; x_wconf 81' lang='lat' dir='ltr'>alienum</span> <span class='ocrx_word' id='word_1_153' title='bbox 1185 1074 1263 1106; x_wconf 88' lang='lat' dir='ltr'>tua</span> <span class='ocrx_word' id='word_1_154' title='bbox 1306 1061 1570 1121; x_wconf 73' lang='lat' dir='ltr'>digrnitate3</span> 
     </span>
     <span class='ocr_line' id='line_1_19' title="bbox 69 1120 1529 1178; baseline -0.003 -14"><span class='ocrx_word' id='word_1_155' title='bbox 69 1125 252 1178; x_wconf 86' lang='lat' dir='ltr'>putabis</span> <span class='ocrx_word' id='word_1_156' title='bbox 283 1137 393 1172; x_wconf 89' lang='lat' dir='ltr'>esse,</span> <span class='ocrx_word' id='word_1_157' title='bbox 425 1126 589 1164; x_wconf 82' lang='lat' dir='ltr'>feceris</span> <span class='ocrx_word' id='word_1_158' title='bbox 618 1123 730 1162; x_wconf 89' lang='lat' dir='ltr'>mihi</span> <span class='ocrx_word' id='word_1_159' title='bbox 764 1129 1042 1177; x_wconf 79' lang='lat' dir='ltr'>pergratum,</span> <span class='ocrx_word' id='word_1_160' title='bbox 1076 1124 1115 1160; x_wconf 89' lang='lat' dir='ltr'>si</span> <span class='ocrx_word' id='word_1_161' title='bbox 1140 1123 1217 1174; x_wconf 82' lang='lat' dir='ltr'>qui</span> <span class='ocrx_word' id='word_1_162' title='bbox 1241 1120 1529 1160; x_wconf 82' lang='lat' dir='ltr'>difficiliores</span> 
     </span>
     <span class='ocr_line' id='line_1_20' title="bbox 70 1176 1529 1225; baseline -0.005 -5"><span class='ocrx_word' id='word_1_163' title='bbox 70 1186 217 1224; x_wconf 87' lang='lat' dir='ltr'>erunt,</span> <span class='ocrx_word' id='word_1_164' title='bbox 258 1186 310 1220; x_wconf 88' lang='lat' dir='ltr'>ut</span> <span class='ocrx_word' id='word_1_165' title='bbox 339 1193 434 1219; x_wconf 87' lang='lat' dir='ltr'>rem</span> <span class='ocrx_word' id='word_1_166' title='bbox 474 1181 570 1218; x_wconf 89' lang='lat' dir='ltr'>sine</span> <span class='ocrx_word' id='word_1_167' title='bbox 601 1180 907 1218; x_wconf 84' lang='lat' dir='ltr'>controversia</span> <span class='ocrx_word' id='word_1_168' title='bbox 945 1176 1103 1217; x_wconf 90' lang='lat' dir='ltr'>confici</span> <span class='ocrx_word' id='word_1_169' title='bbox 1144 1177 1306 1225; x_wconf 88' lang='lat' dir='ltr'>nolint,</span> <span class='ocrx_word' id='word_1_170' title='bbox 1350 1178 1391 1215; x_wconf 69' lang='lat' dir='ltr'>si</span> <span class='ocrx_word' id='word_1_171' title='bbox 1437 1188 1529 1225; x_wconf 87' lang='lat' dir='ltr'>eos,</span> 
     </span>
     <span class='ocr_line' id='line_1_21' title="bbox 71 1228 1530 1288; baseline -0.003 -14"><span class='ocrx_word' id='word_1_172' title='bbox 71 1236 281 1288; x_wconf 86' lang='lat' dir='ltr'>quoniam</span> <span class='ocrx_word' id='word_1_173' title='bbox 313 1248 412 1274; x_wconf 84' lang='lat' dir='ltr'>curn</span> <span class='ocrx_word' id='word_1_174' title='bbox 443 1240 648 1274; x_wconf 81' lang='lat' dir='ltr'>senatore</span> <span class='ocrx_word' id='word_1_175' title='bbox 678 1248 749 1273; x_wconf 90' lang='lat' dir='ltr'>res</span> <span class='ocrx_word' id='word_1_176' title='bbox 781 1240 859 1284; x_wconf 87' lang='lat' dir='ltr'>est,</span> <span class='ocrx_word' id='word_1_177' title='bbox 889 1233 1070 1272; x_wconf 84' lang='lat' dir='ltr'>Romam</span> <span class='ocrx_word' id='word_1_178' title='bbox 1102 1232 1328 1271; x_wconf 86' lang='lat' dir='ltr'>reieceris.</span> <span class='ocrx_word' id='word_1_179' title='bbox 1397 1228 1530 1283; x_wconf 74' lang='lat' dir='ltr'>Quod</span> 
     </span>
     <span class='ocr_line' id='line_1_22' title="bbox 71 1284 1529 1343; baseline -0.003 -14"><span class='ocrx_word' id='word_1_180' title='bbox 71 1303 158 1343; x_wconf 88' lang='lat' dir='ltr'>quo</span> <span class='ocrx_word' id='word_1_181' title='bbox 195 1291 370 1329; x_wconf 90' lang='lat' dir='ltr'>minore</span> <span class='ocrx_word' id='word_1_182' title='bbox 410 1289 691 1329; x_wconf 85' lang='lat' dir='ltr'>dubitatione</span> <span class='ocrx_word' id='word_1_183' title='bbox 730 1292 874 1329; x_wconf 86' lang='lat' dir='ltr'>facere</span> <span class='ocrx_word' id='word_1_184' title='bbox 917 1290 1083 1341; x_wconf 83' lang='lat' dir='ltr'>posses,</span> <span class='ocrx_word' id='word_1_185' title='bbox 1130 1288 1280 1326; x_wconf 77' lang='lat' dir='ltr'>literas</span> <span class='ocrx_word' id='word_1_186' title='bbox 1322 1284 1379 1326; x_wconf 88' lang='lat' dir='ltr'>ad.</span> <span class='ocrx_word' id='word_1_187' title='bbox 1417 1293 1463 1325; x_wconf 85' lang='lat' dir='ltr'>te</span> <span class='ocrx_word' id='word_1_188' title='bbox 1503 1299 1529 1325; x_wconf 89' lang='lat' dir='ltr'>a</span> 
     </span>
     <span class='ocr_line' id='line_1_23' title="bbox 70 1342 1530 1398; baseline -0.003 -15"><span class='ocrx_word' id='word_1_189' title='bbox 70 1345 134 1383; x_wconf 85' lang='lat' dir='ltr'>M.</span> <span class='ocrx_word' id='word_1_190' title='bbox 170 1345 343 1398; x_wconf 85' lang='lat' dir='ltr'>Lepido</span> <span class='ocrx_word' id='word_1_191' title='bbox 374 1344 568 1390; x_wconf 84' lang='lat' dir='ltr'>consule,</span> <span class='ocrx_word' id='word_1_192' title='bbox 599 1358 687 1383; x_wconf 91' lang='lat' dir='ltr'>non</span> <span class='ocrx_word' id='word_1_193' title='bbox 709 1358 821 1397; x_wconf 85' lang='lat' dir='ltr'>quae</span> <span class='ocrx_word' id='word_1_194' title='bbox 844 1351 887 1384; x_wconf 90' lang='lat' dir='ltr'>te</span> <span class='ocrx_word' id='word_1_195' title='bbox 912 1342 1087 1396; x_wconf 83' lang='lat' dir='ltr'>aliquid</span> <span class='ocrx_word' id='word_1_196' title='bbox 1117 1342 1344 1391; x_wconf 85' lang='lat' dir='ltr'>iuberent,</span> <span class='ocrx_word' id='word_1_197' title='bbox 1378 1362 1429 1369; x_wconf 91' lang='lat'><strong>—</strong></span> <span class='ocrx_word' id='word_1_198' title='bbox 1454 1354 1530 1380; x_wconf 88' lang='lat' dir='ltr'>ne-</span> 
     </span>
     <span class='ocr_line' id='line_1_24' title="bbox 71 1395 1529 1454; baseline -0.001 -16"><span class='ocrx_word' id='word_1_199' title='bbox 71 1413 157 1453; x_wconf 88' lang='lat' dir='ltr'>que</span> <span class='ocrx_word' id='word_1_200' title='bbox 197 1402 318 1439; x_wconf 89' lang='lat' dir='ltr'>enim</span> <span class='ocrx_word' id='word_1_201' title='bbox 358 1398 404 1437; x_wconf 89' lang='lat' dir='ltr'>id</span> <span class='ocrx_word' id='word_1_202' title='bbox 445 1407 549 1439; x_wconf 88' lang='lat' dir='ltr'>tuae</span> <span class='ocrx_word' id='word_1_203' title='bbox 586 1399 818 1454; x_wconf 79' lang='lat' dir='ltr'>dignitatis</span> <span class='ocrx_word' id='word_1_204' title='bbox 860 1411 955 1438; x_wconf 85' lang='lat' dir='ltr'>esse</span> <span class='ocrx_word' id='word_1_205' title='bbox 992 1396 1324 1436; x_wconf 84' lang='lat' dir='ltr'>arbitrabamur</span> <span class='ocrx_word' id='word_1_206' title='bbox 1359 1416 1417 1423; x_wconf 86' lang='lat'>—-</span> <span class='ocrx_word' id='word_1_207' title='bbox 1452 1395 1529 1436; x_wconf 85' lang='lat' dir='ltr'>sed</span> 
     </span>
     <span class='ocr_line' id='line_1_25' title="bbox 71 1448 1569 1508; baseline -0.004 -14"><span class='ocrx_word' id='word_1_208' title='bbox 71 1453 262 1508; x_wconf 85' lang='lat' dir='ltr'>quodam</span> <span class='ocrx_word' id='word_1_209' title='bbox 291 1452 416 1494; x_wconf 88' lang='lat' dir='ltr'>modo</span> <span class='ocrx_word' id='word_1_210' title='bbox 447 1455 570 1507; x_wconf 84' lang='lat' dir='ltr'>quasi</span> <span class='ocrx_word' id='word_1_211' title='bbox 589 1454 980 1494; x_wconf 85' lang='lat' dir='ltr'>commendaticias</span> <span class='ocrx_word' id='word_1_212' title='bbox 1003 1454 1288 1503; x_wconf 53' lang='lat' dir='ltr'>sumpsimus</span> <span class='ocrx_word' id='word_1_213' title='bbox 1346 1448 1569 1491; x_wconf 73' lang='lat' dir='ltr'>Scribe—4</span> 
     </span>
    </p>
   </div>
   <div class='ocr_carea' id='block_1_3' title="bbox 1358 1538 1544 1547">
    <p class='ocr_par' dir='ltr' id='par_1_3' title="bbox 1358 1538 1544 1547">
     <span class='ocr_line' id='line_1_26' title="bbox 1358 1538 1544 1547; baseline 0 1534"><span class='ocrx_word' id='word_1_214' title='bbox 1358 1538 1544 1547; x_wconf 95' lang='lat' dir='ltr'> </span> 
     </span>
    </p>
   </div>
   <div class='ocr_carea' id='block_1_4' title="bbox 69 1577 1531 1710">
    <p class='ocr_par' dir='ltr' id='par_1_4' title="bbox 69 1577 1531 1710">
     <span class='ocr_line' id='line_1_27' title="bbox 69 1577 1529 1621; baseline -0.005 -7"><span class='ocrx_word' id='word_1_215' title='bbox 69 1584 141 1614; x_wconf 81' lang='lat' dir='ltr'>tius</span> <span class='ocrx_word' id='word_1_216' title='bbox 166 1585 262 1612; x_wconf 80' lang='lat' dir='ltr'>utar.</span> <span class='ocrx_word' id='word_1_217' title='bbox 297 1597 341 1604; x_wconf 89' lang='lat'>-—-</span> <span class='ocrx_word' id='word_1_218' title='bbox 375 1580 528 1621; x_wconf 67' lang='lat' dir='ltr'>honeste,</span> <span class='ocrx_word' id='word_1_219' title='bbox 563 1580 635 1612; x_wconf 83' lang='lat' dir='ltr'>mit</span> <span class='ocrx_word' id='word_1_220' title='bbox 660 1579 777 1614; x_wconf 85' lang='lat' dir='ltr'>Ehre.</span> <span class='ocrx_word' id='word_1_221' title='bbox 816 1598 863 1603; x_wconf 89' lang='lat'>—</span> <span class='ocrx_word' id='word_1_222' title='bbox 900 1579 1039 1621; x_wconf 72' lang='lat' dir='ltr'>pondus</span> <span class='ocrx_word' id='word_1_223' title='bbox 1064 1579 1255 1611; x_wconf 74' lang='lat' dir='ltr'>habituras</span> <span class='ocrx_word' id='word_1_224' title='bbox 1288 1588 1332 1609; x_wconf 84' lang='lat' dir='ltr'>ex</span> <span class='ocrx_word' id='word_1_225' title='bbox 1369 1577 1529 1620; x_wconf 79' lang='lat' dir='ltr'>antiquo</span> 
     </span>
     <span class='ocr_line' id='line_1_28' title="bbox 69 1624 1531 1672; baseline -0.003 -11"><span class='ocrx_word' id='word_1_226' title='bbox 69 1628 194 1672; x_wconf 71' lang='lat' dir='ltr'>suppl.</span> <span class='ocrx_word' id='word_1_227' title='bbox 222 1627 366 1660; x_wconf 86' lang='lat' dir='ltr'>addunt</span> <span class='ocrx_word' id='word_1_228' title='bbox 392 1629 508 1671; x_wconf 84' lang='lat' dir='ltr'>Neap.</span> <span class='ocrx_word' id='word_1_229' title='bbox 537 1627 621 1662; x_wconf 85' lang='lat' dir='ltr'>Asc.</span> <span class='ocrx_word' id='word_1_230' title='bbox 652 1630 682 1661; x_wconf 88' lang='lat'>1.</span> <span class='ocrx_word' id='word_1_231' title='bbox 710 1628 838 1661; x_wconf 77' lang='lat' dir='ltr'>Lamb.</span> <span class='ocrx_word' id='word_1_232' title='bbox 867 1627 961 1659; x_wconf 87' lang='lat' dir='ltr'>Ern.</span> <span class='ocrx_word' id='word_1_233' title='bbox 988 1625 1125 1659; x_wconf 83' lang='lat' dir='ltr'>Bened.</span> <span class='ocrx_word' id='word_1_234' title='bbox 1160 1624 1245 1658; x_wconf 85' lang='lat' dir='ltr'>Sch.</span> <span class='ocrx_word' id='word_1_235' title='bbox 1280 1625 1377 1659; x_wconf 72' lang='lat' dir='ltr'>Liin.</span> <span class='ocrx_word' id='word_1_236' title='bbox 1412 1624 1531 1657; x_wconf 82' lang='lat' dir='ltr'>Exci·</span> 
     </span>
     <span class='ocr_line' id='line_1_29' title="bbox 69 1672 1432 1710; baseline -0.004 -1"><span class='ocrx_word' id='word_1_237' title='bbox 69 1676 210 1710; x_wconf 84' lang='lat' dir='ltr'>derunt</span> <span class='ocrx_word' id='word_1_238' title='bbox 236 1687 254 1708; x_wconf 87' lang='lat' dir='ltr'>e</span> <span class='ocrx_word' id='word_1_239' title='bbox 282 1675 356 1708; x_wconf 81' lang='lat' dir='ltr'>Md.</span> <span class='ocrx_word' id='word_1_240' title='bbox 397 1676 484 1708; x_wconf 85' lang='lat' dir='ltr'>Non</span> <span class='ocrx_word' id='word_1_241' title='bbox 510 1674 651 1709; x_wconf 81' lang='lat' dir='ltr'>habent</span> <span class='ocrx_word' id='word_1_242' title='bbox 674 1675 754 1709; x_wconf 82' lang='lat' dir='ltr'>Bas.</span> <span class='ocrx_word' id='word_1_243' title='bbox 791 1676 894 1710; x_wconf 77' lang='lat' dir='ltr'>Vict.</span> <span class='ocrx_word' id='word_1_244' title='bbox 924 1677 955 1708; x_wconf 91' lang='lat'>1.</span> <span class='ocrx_word' id='word_1_245' title='bbox 982 1675 1015 1708; x_wconf 83' lang='lat'>2.</span> <span class='ocrx_word' id='word_1_246' title='bbox 1050 1673 1189 1707; x_wconf 85' lang='lat' dir='ltr'>Graev.</span> <span class='ocrx_word' id='word_1_247' title='bbox 1216 1672 1314 1705; x_wconf 87' lang='lat' dir='ltr'>Lall.</span> <span class='ocrx_word' id='word_1_248' title='bbox 1357 1672 1432 1705; x_wconf 88' lang='lat' dir='ltr'>OR.</span> 
     </span>
    </p>
   </div>
   <div class='ocr_carea' id='block_1_5' title="bbox 71 1730 1530 1973">
    <p class='ocr_par' dir='ltr' id='par_1_5' title="bbox 71 1730 1530 1973">
     <span class='ocr_line' id='line_1_30' title="bbox 165 1730 1529 1780; baseline -0.004 -11"><span class='ocrx_word' id='word_1_249' title='bbox 165 1737 198 1769; x_wconf 87' lang='lat'>2.</span> <span class='ocrx_word' id='word_1_250' title='bbox 248 1736 405 1778; x_wconf 73' lang='lat' dir='ltr'>negotia,</span> <span class='ocrx_word' id='word_1_251' title='bbox 433 1733 590 1773; x_wconf 80' lang='lat' dir='ltr'>H&#39;a&#39;ndel,</span> <span class='ocrx_word' id='word_1_252' title='bbox 628 1735 688 1768; x_wconf 84' lang='lat' dir='ltr'>die</span> <span class='ocrx_word' id='word_1_253' title='bbox 716 1734 798 1767; x_wconf 84' lang='lat' dir='ltr'>ihm</span> <span class='ocrx_word' id='word_1_254' title='bbox 827 1735 888 1768; x_wconf 89' lang='lat' dir='ltr'>die</span> <span class='ocrx_word' id='word_1_255' title='bbox 915 1733 1115 1780; x_wconf 75' lang='lat' dir='ltr'>Beerbung</span> <span class='ocrx_word' id='word_1_256' title='bbox 1141 1732 1261 1766; x_wconf 77' lang='grc'><strong>5911195</strong></span> <span class='ocrx_word' id='word_1_257' title='bbox 1288 1743 1337 1763; x_wconf 85' lang='lat' dir='ltr'>zu</span> <span class='ocrx_word' id='word_1_258' title='bbox 1364 1731 1447 1764; x_wconf 83' lang='lat' dir='ltr'>Elis</span> <span class='ocrx_word' id='word_1_259' title='bbox 1474 1730 1529 1764; x_wconf 83' lang='lat' dir='ltr'>als</span> 
     </span>
     <span class='ocr_line' id='line_1_31' title="bbox 72 1778 1529 1830; baseline -0.003 -14"><span class='ocrx_word' id='word_1_260' title='bbox 72 1783 356 1816; x_wconf 74' lang='lat' dir='ltr'>Handelsmann</span> <span class='ocrx_word' id='word_1_261' title='bbox 382 1782 656 1816; x_wconf 81' lang='lat' dir='ltr'>verstorbenen</span> <span class='ocrx_word' id='word_1_262' title='bbox 682 1782 845 1815; x_wconf 84' lang='lat' dir='ltr'>Bruders</span> <span class='ocrx_word' id='word_1_263' title='bbox 872 1792 1094 1830; x_wconf 72' lang='lat' dir='ltr'>zugezogen</span> <span class='ocrx_word' id='word_1_264' title='bbox 1121 1780 1197 1812; x_wconf 83' lang='lat' dir='ltr'>hat.</span> <span class='ocrx_word' id='word_1_265' title='bbox 1231 1799 1270 1804; x_wconf 95' lang='lat'><strong>—</strong></span> <span class='ocrx_word' id='word_1_266' title='bbox 1299 1780 1377 1815; x_wconf 72' lang='lat' dir='ltr'>Ei&#39;i,</span> <span class='ocrx_word' id='word_1_267' title='bbox 1399 1778 1529 1814; x_wconf 81' lang='lat' dir='ltr'>Lamb.</span> 
     </span>
     <span class='ocr_line' id='line_1_32' title="bbox 72 1827 1530 1877; baseline -0.003 -13"><span class='ocrx_word' id='word_1_268' title='bbox 72 1832 192 1872; x_wconf 71' lang='lat' dir='ltr'>Elide,</span> <span class='ocrx_word' id='word_1_269' title='bbox 219 1830 287 1864; x_wconf 82' lang='lat' dir='ltr'>der</span> <span class='ocrx_word' id='word_1_270' title='bbox 313 1829 538 1873; x_wconf 73' lang='lat' dir='ltr'>Hauptstadt</span> <span class='ocrx_word' id='word_1_271' title='bbox 564 1829 674 1864; x_wconf 87' lang='lat' dir='ltr'>iener</span> <span class='ocrx_word' id='word_1_272' title='bbox 698 1829 932 1863; x_wconf 77' lang='lat' dir='ltr'>Landschaft</span> <span class='ocrx_word' id='word_1_273' title='bbox 961 1828 1133 1877; x_wconf 78' lang='lat' dir='ltr'>gleiches</span> <span class='ocrx_word' id='word_1_274' title='bbox 1156 1829 1321 1860; x_wconf 82' lang='lat' dir='ltr'>Namens</span> <span class='ocrx_word' id='word_1_275' title='bbox 1348 1827 1402 1859; x_wconf 84' lang='lat' dir='ltr'>im</span> <span class='ocrx_word' id='word_1_276' title='bbox 1422 1827 1530 1860; x_wconf 89' lang='lat' dir='ltr'>Pelo-</span> 
     </span>
     <span class='ocr_line' id='line_1_33' title="bbox 71 1875 1529 1924; baseline 0.001 -17"><span class='ocrx_word' id='word_1_277' title='bbox 71 1890 226 1924; x_wconf 67' lang='lat' dir='ltr'>ponnes.</span> <span class='ocrx_word' id='word_1_278' title='bbox 268 1896 308 1901; x_wconf 93' lang='lat'><strong>—</strong></span> <span class='ocrx_word' id='word_1_279' title='bbox 343 1878 390 1910; x_wconf 83' lang='lat' dir='ltr'>M.</span> <span class='ocrx_word' id='word_1_280' title='bbox 418 1878 590 1912; x_wconf 75' lang='lat' dir='ltr'>Mindius.</span> <span class='ocrx_word' id='word_1_281' title='bbox 630 1877 665 1911; x_wconf 84' lang='lat' dir='ltr'>S.</span> <span class='ocrx_word' id='word_1_282' title='bbox 694 1889 751 1922; x_wconf 85' lang='lat' dir='ltr'>ep.</span> <span class='ocrx_word' id='word_1_283' title='bbox 784 1880 864 1913; x_wconf 83' lang='lat'>302.</span> <span class='ocrx_word' id='word_1_284' title='bbox 902 1896 945 1904; x_wconf 91' lang='lat'><em>—</em></span> <span class='ocrx_word' id='word_1_285' title='bbox 979 1879 1069 1920; x_wconf 68' lang='lat' dir='ltr'>cxpl.</span> <span class='ocrx_word' id='word_1_286' title='bbox 1099 1882 1133 1909; x_wconf 78' lang='lat' dir='ltr'>et</span> <span class='ocrx_word' id='word_1_287' title='bbox 1158 1877 1289 1917; x_wconf 52' lang='lat' dir='ltr'>exped„</span> <span class='ocrx_word' id='word_1_288' title='bbox 1316 1875 1529 1908; x_wconf 74' lang='lat' dir='ltr'>entwirren</span> 
     </span>
     <span class='ocr_line' id='line_1_34' title="bbox 72 1922 1530 1973; baseline -0.002 -14"><span class='ocrx_word' id='word_1_289' title='bbox 72 1926 151 1959; x_wconf 85' lang='lat' dir='ltr'>und</span> <span class='ocrx_word' id='word_1_290' title='bbox 183 1938 230 1958; x_wconf 89' lang='lat' dir='ltr'>zu</span> <span class='ocrx_word' id='word_1_291' title='bbox 262 1925 368 1958; x_wconf 85' lang='lat' dir='ltr'>Ende</span> <span class='ocrx_word' id='word_1_292' title='bbox 405 1925 569 1971; x_wconf 69' lang='lat' dir='ltr'>bringen</span> <span class='ocrx_word' id='word_1_293' title='bbox 606 1927 765 1973; x_wconf 73' lang='lat' dir='ltr'>mb&#39;gest.</span> <span class='ocrx_word' id='word_1_294' title='bbox 803 1945 844 1951; x_wconf 91' lang='lat'>-—</span> <span class='ocrx_word' id='word_1_295' title='bbox 881 1929 957 1959; x_wconf 78' lang='lat' dir='ltr'>iure</span> <span class='ocrx_word' id='word_1_296' title='bbox 991 1931 1025 1958; x_wconf 73' lang='lat' dir='ltr'>et</span> <span class='ocrx_word' id='word_1_297' title='bbox 1052 1929 1140 1966; x_wconf 58' lang='lat' dir='ltr'>pot„</span> <span class='ocrx_word' id='word_1_298' title='bbox 1175 1924 1359 1969; x_wconf 67' lang='lat' dir='ltr'>vermo‘ge</span> <span class='ocrx_word' id='word_1_299' title='bbox 1386 1922 1530 1956; x_wconf 82' lang='lat' dir='ltr'>Deiner</span> 
     </span>
    </p>
   </div>
   <div class='ocr_carea' id='block_1_6' title="bbox 17 1971 1531 2015">
    <p class='ocr_par' dir='ltr' id='par_1_6' title="bbox 17 1971 1531 2015">
     <span class='ocr_line' id='line_1_35' title="bbox 17 1971 1531 2015; baseline -0.002 -9"><span class='ocrx_word' id='word_1_300' title='bbox 17 2002 24 2006; x_wconf 79' lang='lat'>.</span> <span class='ocrx_word' id='word_1_301' title='bbox 73 1972 354 2007; x_wconf 51' lang='lat' dir='ltr'>riclam-lichen</span> <span class='ocrx_word' id='word_1_302' title='bbox 379 1973 457 2006; x_wconf 88' lang='lat' dir='ltr'>und</span> <span class='ocrx_word' id='word_1_303' title='bbox 483 1973 779 2008; x_wconf 78' lang='lat' dir='ltr'>vollziehenden</span> <span class='ocrx_word' id='word_1_304' title='bbox 806 1973 967 2006; x_wconf 76' lang='lat' dir='ltr'>Gewalt.</span> <span class='ocrx_word' id='word_1_305' title='bbox 1020 1973 1115 2006; x_wconf 83' lang='lat' dir='ltr'>Eine</span> <span class='ocrx_word' id='word_1_306' title='bbox 1143 1971 1370 2015; x_wconf 78' lang='lat' dir='ltr'>Hendiadys.</span> <span class='ocrx_word' id='word_1_307' title='bbox 1398 1989 1442 1994; x_wconf 83' lang='lat'><em>-</em></span> <span class='ocrx_word' id='word_1_308' title='bbox 1469 1973 1531 2012; x_wconf 70' lang='lat' dir='ltr'>iis,</span> 
     </span>
    </p>
   </div>
   <div class='ocr_carea' id='block_1_7' title="bbox 70 2018 1529 2246">
    <p class='ocr_par' dir='ltr' id='par_1_7' title="bbox 70 2018 1529 2246">
     <span class='ocr_line' id='line_1_36' title="bbox 75 2018 1529 2067; baseline -0.003 -12"><span class='ocrx_word' id='word_1_309' title='bbox 75 2023 144 2056; x_wconf 78' lang='lat' dir='ltr'>Md.</span> <span class='ocrx_word' id='word_1_310' title='bbox 172 2022 268 2053; x_wconf 71' lang='lat' dir='ltr'>Vict.</span> <span class='ocrx_word' id='word_1_311' title='bbox 296 2022 327 2054; x_wconf 84' lang='lat'>2.</span> <span class='ocrx_word' id='word_1_312' title='bbox 361 2021 428 2055; x_wconf 76' lang='lat' dir='ltr'>his.</span> <span class='ocrx_word' id='word_1_313' title='bbox 471 2040 507 2046; x_wconf 95' lang='lat'><strong>—</strong></span> <span class='ocrx_word' id='word_1_314' title='bbox 546 2027 924 2067; x_wconf 54' lang='lat' dir='ltr'>quae...vocarentum</span> <span class='ocrx_word' id='word_1_315' title='bbox 959 2021 1017 2054; x_wconf 86' lang='lat' dir='ltr'>die</span> <span class='ocrx_word' id='word_1_316' title='bbox 1050 2031 1119 2052; x_wconf 85' lang='lat' dir='ltr'>zur</span> <span class='ocrx_word' id='word_1_317' title='bbox 1145 2019 1276 2066; x_wconf 73' lang='lat' dir='ltr'>Klage‚</span> <span class='ocrx_word' id='word_1_318' title='bbox 1312 2019 1412 2052; x_wconf 63' lang='lat' dir='ltr'>voi-&#39;s</span> <span class='ocrx_word' id='word_1_319' title='bbox 1453 2018 1529 2051; x_wconf 90' lang='lat' dir='ltr'>Ge-</span> 
     </span>
     <span class='ocr_line' id='line_1_37' title="bbox 73 2065 1528 2114; baseline -0.001 -12"><span class='ocrx_word' id='word_1_320' title='bbox 73 2070 177 2102; x_wconf 63' lang='grc'><strong>119111</strong></span> <span class='ocrx_word' id='word_1_321' title='bbox 212 2069 361 2101; x_wconf 66' lang='lat' dir='ltr'>k&#39;zimen.</span> <span class='ocrx_word' id='word_1_322' title='bbox 404 2086 443 2093; x_wconf 90' lang='lat'>—</span> <span class='ocrx_word' id='word_1_323' title='bbox 485 2071 650 2114; x_wconf 78' lang='lat' dir='ltr'>quod:</span> <span class='ocrx_word' id='word_1_324' title='bbox 676 2070 851 2103; x_wconf 85' lang='lat' dir='ltr'>insoweit</span> <span class='ocrx_word' id='word_1_325' title='bbox 893 2081 930 2102; x_wconf 83' lang='lat' dir='ltr'>es</span> <span class='ocrx_word' id='word_1_326' title='bbox 976 2068 1074 2101; x_wconf 80' lang='lat' dir='ltr'>ohne</span> <span class='ocrx_word' id='word_1_327' title='bbox 1115 2067 1235 2100; x_wconf 81' lang='lat' dir='ltr'>Dcine</span> <span class='ocrx_word' id='word_1_328' title='bbox 1274 2065 1528 2100; x_wconf 73' lang='lat' dir='ltr'>Beschwerde</span> 
     </span>
     <span class='ocr_line' id='line_1_38' title="bbox 71 2113 1527 2164; baseline -0.003 -14"><span class='ocrx_word' id='word_1_329' title='bbox 71 2117 245 2164; x_wconf 69' lang='lat' dir='ltr'>moglich</span> <span class='ocrx_word' id='word_1_330' title='bbox 271 2118 384 2149; x_wconf 79' lang='lat' dir='ltr'>w&#39;a&#39;re.</span> <span class='ocrx_word' id='word_1_331' title='bbox 411 2135 456 2140; x_wconf 94' lang='lat'>—</span> <span class='ocrx_word' id='word_1_332' title='bbox 482 2118 643 2162; x_wconf 54' lang='grc' dir='ltr'>ἀίει-φὴ,</span> <span class='ocrx_word' id='word_1_333' title='bbox 670 2116 934 2152; x_wconf 73' lang='lat' dir='ltr'>Untersucher</span> <span class='ocrx_word' id='word_1_334' title='bbox 955 2117 1030 2149; x_wconf 84' lang='lat' dir='ltr'>und</span> <span class='ocrx_word' id='word_1_335' title='bbox 1049 2113 1315 2156; x_wconf 83' lang='lat' dir='ltr'>Eutscheider,</span> <span class='ocrx_word' id='word_1_336' title='bbox 1331 2114 1403 2155; x_wconf 84' lang='grc'><strong>1-91,</strong></span> <span class='ocrx_word' id='word_1_337' title='bbox 1431 2125 1527 2158; x_wconf 81' lang='lat' dir='ltr'>quae</span> 
     </span>
     <span class='ocr_line' id='line_1_39' title="bbox 72 2161 1529 2208; baseline -0.001 -12"><span class='ocrx_word' id='word_1_338' title='bbox 72 2166 111 2197; x_wconf 88' lang='lat' dir='ltr'>in</span> <span class='ocrx_word' id='word_1_339' title='bbox 139 2164 442 2198; x_wconf 83' lang='lat' dir='ltr'>controversiam</span> <span class='ocrx_word' id='word_1_340' title='bbox 469 2170 640 2208; x_wconf 80' lang='lat' dir='ltr'>vocatur,</span> <span class='ocrx_word' id='word_1_341' title='bbox 670 2165 921 2199; x_wconf 75' lang='lat' dir='ltr'>moderatore.</span> <span class='ocrx_word' id='word_1_342' title='bbox 946 2183 992 2189; x_wconf 87' lang='lat'>—-</span> <span class='ocrx_word' id='word_1_343' title='bbox 1018 2164 1166 2198; x_wconf 77' lang='lat' dir='ltr'>honoris</span> <span class='ocrx_word' id='word_1_344' title='bbox 1191 2164 1265 2208; x_wconf 72' lang='lat' dir='ltr'>mci</span> <span class='ocrx_word' id='word_1_345' title='bbox 1290 2175 1414 2201; x_wconf 74' lang='lat' dir='ltr'>causa,</span> <span class='ocrx_word' id='word_1_346' title='bbox 1453 2161 1529 2194; x_wconf 84' lang='lat' dir='ltr'>mir</span> 
     </span>
     <span class='ocr_line' id='line_1_40' title="bbox 70 2207 1219 2246; baseline -0.002 -1"><span class='ocrx_word' id='word_1_347' title='bbox 70 2224 118 2245; x_wconf 88' lang='lat' dir='ltr'>zu</span> <span class='ocrx_word' id='word_1_348' title='bbox 145 2212 287 2246; x_wconf 83' lang='lat' dir='ltr'>Ehren.</span> <span class='ocrx_word' id='word_1_349' title='bbox 1215 2207 1219 2210; x_wconf 59' lang='lat'><em>⁷</em></span> 
     </span>
    </p>
   </div>
   <div class='ocr_carea' id='block_1_8' title="bbox 71 2268 1530 2750">
    <p class='ocr_par' dir='ltr' id='par_1_8' title="bbox 71 2268 1530 2750">
     <span class='ocr_line' id='line_1_41' title="bbox 165 2268 1530 2318; baseline -0.003 -12"><span class='ocrx_word' id='word_1_350' title='bbox 165 2274 199 2306; x_wconf 88' lang='lat'>3.</span> <span class='ocrx_word' id='word_1_351' title='bbox 251 2273 410 2305; x_wconf 74' lang='lat' dir='ltr'>alienum</span> <span class='ocrx_word' id='word_1_352' title='bbox 435 2277 462 2305; x_wconf 86' lang='lat' dir='ltr'>t.</span> <span class='ocrx_word' id='word_1_353' title='bbox 491 2274 606 2318; x_wconf 64' lang='lat' dir='ltr'>dign,</span> <span class='ocrx_word' id='word_1_354' title='bbox 640 2273 711 2306; x_wconf 83' lang='lat' dir='ltr'>mit</span> <span class='ocrx_word' id='word_1_355' title='bbox 736 2273 883 2306; x_wconf 86' lang='lat' dir='ltr'>Deiner</span> <span class='ocrx_word' id='word_1_356' title='bbox 907 2271 1056 2307; x_wconf 69' lang='lat' dir='ltr'>Vtsiirde</span> <span class='ocrx_word' id='word_1_357' title='bbox 1093 2268 1398 2317; x_wconf 64' lang='lat' dir='ltr'>unvertr‘eiglich.</span> <span class='ocrx_word' id='word_1_358' title='bbox 1425 2288 1471 2294; x_wconf 85' lang='lat'><em>-</em></span> <span class='ocrx_word' id='word_1_359' title='bbox 1496 2273 1530 2303; x_wconf 82' lang='lat' dir='ltr'>si</span> 
     </span>
     <span class='ocr_line' id='line_1_42' title="bbox 73 2317 1527 2366; baseline -0.001 -14"><span class='ocrx_word' id='word_1_360' title='bbox 73 2323 136 2366; x_wconf 76' lang='lat' dir='ltr'>qui</span> <span class='ocrx_word' id='word_1_361' title='bbox 162 2330 207 2350; x_wconf 74' lang='lat' dir='ltr'><strong><em>z</em></strong></span> <span class='ocrx_word' id='word_1_362' title='bbox 233 2321 366 2359; x_wconf 70' lang='grc' dir='ltr'>εἶ’ῑινες</span> <span class='ocrx_word' id='word_1_363' title='bbox 392 2325 479 2353; x_wconf 80' lang='lat' dir='ltr'>statt</span> <span class='ocrx_word' id='word_1_364' title='bbox 506 2322 570 2364; x_wconf 87' lang='lat' dir='ltr'>qui</span> <span class='ocrx_word' id='word_1_365' title='bbox 597 2322 709 2363; x_wconf 82' lang='lat' dir='ltr'>forte,</span> <span class='ocrx_word' id='word_1_366' title='bbox 729 2321 790 2354; x_wconf 86' lang='lat' dir='ltr'>die</span> <span class='ocrx_word' id='word_1_367' title='bbox 817 2327 912 2354; x_wconf 78' lang='lat' dir='ltr'>etwa</span> <span class='ocrx_word' id='word_1_368' title='bbox 938 2319 1239 2365; x_wconf 78' lang='lat' dir='ltr'>Schwierigkeit</span> <span class='ocrx_word' id='word_1_369' title='bbox 1265 2317 1455 2351; x_wconf 70' lang='lat' dir='ltr'>machten.</span> <span class='ocrx_word' id='word_1_370' title='bbox 1481 2336 1527 2342; x_wconf 89' lang='lat'>-—</span> 
     </span>
     <span class='ocr_line' id='line_1_43' title="bbox 71 2364 1526 2414; baseline -0.001 -13"><span class='ocrx_word' id='word_1_371' title='bbox 71 2373 146 2402; x_wconf 79' lang='lat' dir='ltr'>sine</span> <span class='ocrx_word' id='word_1_372' title='bbox 173 2373 298 2408; x_wconf 59' lang='lat' dir='ltr'>contra,</span> <span class='ocrx_word' id='word_1_373' title='bbox 326 2368 426 2401; x_wconf 82' lang='lat' dir='ltr'>ohne</span> <span class='ocrx_word' id='word_1_374' title='bbox 452 2369 615 2402; x_wconf 80' lang='lat' dir='ltr'>Process.</span> <span class='ocrx_word' id='word_1_375' title='bbox 642 2388 689 2393; x_wconf 93' lang='lat'><strong>—</strong></span> <span class='ocrx_word' id='word_1_376' title='bbox 723 2370 860 2413; x_wconf 77' lang='lat' dir='ltr'>confici,</span> <span class='ocrx_word' id='word_1_377' title='bbox 888 2368 1070 2414; x_wconf 73' lang='lat' dir='ltr'>heilegon.</span> <span class='ocrx_word' id='word_1_378' title='bbox 1105 2385 1152 2391; x_wconf 95' lang='lat'>—</span> <span class='ocrx_word' id='word_1_379' title='bbox 1185 2369 1367 2412; x_wconf 61' lang='lat' dir='ltr'>quonian-z.</span> <span class='ocrx_word' id='word_1_380' title='bbox 1404 2364 1438 2399; x_wconf 90' lang='lat' dir='ltr'>S.</span> <span class='ocrx_word' id='word_1_381' title='bbox 1467 2377 1526 2410; x_wconf 85' lang='lat' dir='ltr'>ep.</span> 
     </span>
     <span class='ocr_line' id='line_1_44' title="bbox 71 2413 1527 2456; baseline -0.003 -6"><span class='ocrx_word' id='word_1_382' title='bbox 71 2419 153 2456; x_wconf 72' lang='lat'>486,</span> <span class='ocrx_word' id='word_1_383' title='bbox 182 2417 212 2450; x_wconf 85' lang='lat'>2.</span> <span class='ocrx_word' id='word_1_384' title='bbox 240 2415 309 2456; x_wconf 78' lang='lat' dir='ltr'>„da</span> <span class='ocrx_word' id='word_1_385' title='bbox 336 2415 388 2448; x_wconf 84' lang='lat' dir='ltr'>sie</span> <span class='ocrx_word' id='word_1_386' title='bbox 415 2416 482 2447; x_wconf 80' lang='lat' dir='ltr'>mit</span> <span class='ocrx_word' id='word_1_387' title='bbox 511 2417 636 2450; x_wconf 86' lang='grc'><strong>91119111</strong></span> <span class='ocrx_word' id='word_1_388' title='bbox 663 2416 895 2450; x_wconf 79' lang='lat' dir='ltr'>R&#39;dmischen</span> <span class='ocrx_word' id='word_1_389' title='bbox 922 2415 1082 2449; x_wconf 82' lang='lat' dir='ltr'>Senator</span> <span class='ocrx_word' id='word_1_390' title='bbox 1107 2426 1153 2446; x_wconf 86' lang='lat' dir='ltr'>zu</span> <span class='ocrx_word' id='word_1_391' title='bbox 1179 2414 1276 2447; x_wconf 83' lang='lat' dir='ltr'>thun</span> <span class='ocrx_word' id='word_1_392' title='bbox 1302 2413 1527 2447; x_wconf 54' lang='grc'><strong>1131191144-</strong></span> 
     </span>
     <span class='ocr_line' id='line_1_45' title="bbox 73 2461 1526 2504; baseline -0.002 -6"><span class='ocrx_word' id='word_1_393' title='bbox 73 2468 224 2498; x_wconf 77' lang='lat' dir='ltr'>Romam</span> <span class='ocrx_word' id='word_1_394' title='bbox 250 2467 364 2504; x_wconf 58' lang='lat' dir='ltr'>reice,</span> <span class='ocrx_word' id='word_1_395' title='bbox 401 2463 497 2496; x_wconf 83' lang='lat' dir='ltr'>nach</span> <span class='ocrx_word' id='word_1_396' title='bbox 524 2464 616 2497; x_wconf 78' lang='lat' dir='ltr'>Rom</span> <span class='ocrx_word' id='word_1_397' title='bbox 656 2477 702 2497; x_wconf 86' lang='lat' dir='ltr'>an</span> <span class='ocrx_word' id='word_1_398' title='bbox 741 2465 815 2498; x_wconf 86' lang='lat' dir='ltr'>den</span> <span class='ocrx_word' id='word_1_399' title='bbox 842 2466 972 2496; x_wconf 74' lang='lat' dir='ltr'>Pr&#39;a&#39;tor</span> <span class='ocrx_word' id='word_1_400' title='bbox 1010 2462 1222 2496; x_wconf 81' lang='lat' dir='ltr'>verweisen</span> <span class='ocrx_word' id='word_1_401' title='bbox 1255 2461 1454 2495; x_wconf 56' lang='lat' dir='ltr'>mochtest.</span> <span class='ocrx_word' id='word_1_402' title='bbox 1487 2479 1526 2487; x_wconf 88' lang='lat'><em>-</em></span> 
     </span>
     <span class='ocr_line' id='line_1_46' title="bbox 71 2510 1523 2555; baseline -0.001 -11"><span class='ocrx_word' id='word_1_403' title='bbox 71 2516 200 2545; x_wconf 74' lang='lat' dir='ltr'>minor.</span> <span class='ocrx_word' id='word_1_404' title='bbox 229 2512 354 2552; x_wconf 54' lang='lat' dir='ltr'>(labin,</span> <span class='ocrx_word' id='word_1_405' title='bbox 381 2511 720 2546; x_wconf 76' lang='lat' dir='ltr'>unbetlonklicher.</span> <span class='ocrx_word' id='word_1_406' title='bbox 749 2531 790 2537; x_wconf 89' lang='lat'>—</span> <span class='ocrx_word' id='word_1_407' title='bbox 826 2525 848 2544; x_wconf 76' lang='lat' dir='ltr'>a</span> <span class='ocrx_word' id='word_1_408' title='bbox 874 2513 922 2547; x_wconf 84' lang='lat' dir='ltr'>M.</span> <span class='ocrx_word' id='word_1_409' title='bbox 948 2512 1097 2555; x_wconf 65' lang='lat' dir='ltr'>Lepido,</span> <span class='ocrx_word' id='word_1_410' title='bbox 1124 2510 1189 2554; x_wconf 80' lang='lat' dir='ltr'>qui</span> <span class='ocrx_word' id='word_1_411' title='bbox 1214 2510 1288 2542; x_wconf 83' lang='lat' dir='ltr'>hoo</span> <span class='ocrx_word' id='word_1_412' title='bbox 1312 2519 1408 2542; x_wconf 88' lang='lat' dir='ltr'>anno</span> <span class='ocrx_word' id='word_1_413' title='bbox 1435 2521 1523 2542; x_wconf 87' lang='lat' dir='ltr'>cum</span> 
     </span>
     <span class='ocr_line' id='line_1_47' title="bbox 73 2559 1523 2605; baseline -0.001 -12"><span class='ocrx_word' id='word_1_414' title='bbox 73 2561 227 2593; x_wconf 74' lang='lat' dir='ltr'>Caesare</span> <span class='ocrx_word' id='word_1_415' title='bbox 256 2559 324 2592; x_wconf 88' lang='lat' dir='ltr'>Ill.</span> <span class='ocrx_word' id='word_1_416' title='bbox 354 2569 454 2592; x_wconf 74' lang='lat' dir='ltr'>cons·</span> <span class='ocrx_word' id='word_1_417' title='bbox 483 2561 720 2592; x_wconf 79' lang='lat' dir='ltr'>consulatum</span> <span class='ocrx_word' id='word_1_418' title='bbox 749 2560 912 2605; x_wconf 66' lang='lat' dir='ltr'>gerebat.</span> <span class='ocrx_word' id='word_1_419' title='bbox 941 2578 986 2583; x_wconf 94' lang='lat'>—</span> <span class='ocrx_word' id='word_1_420' title='bbox 1013 2572 1083 2592; x_wconf 80' lang='lat' dir='ltr'>non</span> <span class='ocrx_word' id='word_1_421' title='bbox 1111 2571 1199 2603; x_wconf 75' lang='lat' dir='ltr'>quae</span> <span class='ocrx_word' id='word_1_422' title='bbox 1217 2568 1262 2588; x_wconf 73' lang='lat' dir='ltr'><em>z</em></span> <span class='ocrx_word' id='word_1_423' title='bbox 1279 2568 1356 2589; x_wconf 90' lang='lat' dir='ltr'>non</span> <span class='ocrx_word' id='word_1_424' title='bbox 1381 2561 1423 2588; x_wconf 87' lang='lat' dir='ltr'>ut</span> <span class='ocrx_word' id='word_1_425' title='bbox 1447 2569 1523 2594; x_wconf 82' lang='lat' dir='ltr'>eae.</span> 
     </span>
     <span class='ocr_line' id='line_1_48' title="bbox 73 2605 1522 2650; baseline -0.001 -11"><span class='ocrx_word' id='word_1_426' title='bbox 73 2627 118 2633; x_wconf 89' lang='lat'>—-</span> <span class='ocrx_word' id='word_1_427' title='bbox 144 2613 228 2640; x_wconf 72' lang='lat' dir='ltr'>inae</span> <span class='ocrx_word' id='word_1_428' title='bbox 263 2609 457 2650; x_wconf 64' lang='lat' dir='ltr'>dignitatis</span> <span class='ocrx_word' id='word_1_429' title='bbox 489 2620 569 2646; x_wconf 71' lang='lat' dir='ltr'>csse,</span> <span class='ocrx_word' id='word_1_430' title='bbox 603 2608 672 2640; x_wconf 82' lang='lat' dir='ltr'>mit</span> <span class='ocrx_word' id='word_1_431' title='bbox 698 2609 840 2642; x_wconf 83' lang='lat' dir='ltr'>Dciner</span> <span class='ocrx_word' id='word_1_432' title='bbox 864 2607 1015 2641; x_wconf 77' lang='lat' dir='ltr'>Wiirde</span> <span class='ocrx_word' id='word_1_433' title='bbox 1048 2606 1253 2639; x_wconf 75' lang='lat' dir='ltr'>vere-iubar</span> <span class='ocrx_word' id='word_1_434' title='bbox 1286 2616 1333 2636; x_wconf 87' lang='lat' dir='ltr'>zu</span> <span class='ocrx_word' id='word_1_435' title='bbox 1361 2605 1452 2637; x_wconf 83' lang='lat' dir='ltr'>sein.</span> <span class='ocrx_word' id='word_1_436' title='bbox 1482 2624 1522 2630; x_wconf 86' lang='lat'>—</span> 
     </span>
     <span class='ocr_line' id='line_1_49' title="bbox 73 2651 1522 2701; baseline -0.001 -14"><span class='ocrx_word' id='word_1_437' title='bbox 73 2656 172 2701; x_wconf 75' lang='lat' dir='ltr'>quod.</span> <span class='ocrx_word' id='word_1_438' title='bbox 200 2657 292 2688; x_wconf 79' lang='lat' dir='ltr'>mod.</span> <span class='ocrx_word' id='word_1_439' title='bbox 320 2659 425 2700; x_wconf 75' lang='lat' dir='ltr'>quasi</span> <span class='ocrx_word' id='word_1_440' title='bbox 449 2667 588 2696; x_wconf 60' lang='lat' dir='ltr'>comm„</span> <span class='ocrx_word' id='word_1_441' title='bbox 615 2656 779 2688; x_wconf 75' lang='lat' dir='ltr'>sondern</span> <span class='ocrx_word' id='word_1_442' title='bbox 812 2656 884 2690; x_wconf 84' lang='lat' dir='ltr'>wie</span> <span class='ocrx_word' id='word_1_443' title='bbox 912 2655 996 2689; x_wconf 88' lang='grc'><strong>91119</strong></span> <span class='ocrx_word' id='word_1_444' title='bbox 1022 2655 1091 2687; x_wconf 81' lang='lat' dir='ltr'>Art</span> <span class='ocrx_word' id='word_1_445' title='bbox 1118 2663 1191 2687; x_wconf 85' lang='lat' dir='ltr'>von</span> <span class='ocrx_word' id='word_1_446' title='bbox 1224 2651 1522 2699; x_wconf 78' lang='lat' dir='ltr'>Empfehlungs·</span> 
     </span>
     <span class='ocr_line' id='line_1_50' title="bbox 71 2703 955 2750; baseline 0.002 -13"><span class='ocrx_word' id='word_1_447' title='bbox 71 2703 284 2737; x_wconf 53' lang='grc' dir='ltr'><strong>δώῃ-9111911.</strong></span> <span class='ocrx_word' id='word_1_448' title='bbox 313 2722 357 2728; x_wconf 83' lang='grc'><strong>-</strong></span> <span class='ocrx_word' id='word_1_449' title='bbox 383 2716 530 2744; x_wconf 67' lang='lat' dir='ltr'>sumere,</span> <span class='ocrx_word' id='word_1_450' title='bbox 569 2703 650 2737; x_wconf 64' lang='lat' dir='ltr'>sich</span> <span class='ocrx_word' id='word_1_451' title='bbox 676 2704 796 2750; x_wconf 66' lang='lat' dir='ltr'>geben</span> <span class='ocrx_word' id='word_1_452' title='bbox 822 2705 955 2739; x_wconf 77' lang='lat' dir='ltr'>lassen.</span> 
     </span>
    </p>
   </div>
  </div>
 </body>
</html>
