<?xml version="1.0" encoding="UTF-8"?>
<!DOCTYPE html PUBLIC "-//W3C//DTD XHTML 1.0 Transitional//EN"
    "http://www.w3.org/TR/xhtml1/DTD/xhtml1-transitional.dtd">
<html xmlns="http://www.w3.org/1999/xhtml" xml:lang="en" lang="en">
 <head>
  <title>
</title>
<meta http-equiv="Content-Type" content="text/html;charset=utf-8" />
  <meta name='ocr-system' content='tesseract 3.04.00' />
  <meta name='ocr-capabilities' content='ocr_page ocr_carea ocr_par ocr_line ocrx_word'/>
</head>
<body>
  <div class='ocr_page' id='page_1' title='image "./epistolaeadattic03ciceuoft_0228.png"; bbox 0 0 1795 3081; ppageno 0'>
   <div class='ocr_carea' id='block_1_1' title="bbox 211 42 1443 109">
    <p class='ocr_par' dir='ltr' id='par_1_1' title="bbox 211 42 1443 109">
     <span class='ocr_line' id='line_1_1' title="bbox 211 42 1443 109; baseline -0.006 -13"><span class='ocrx_word' id='word_1_1' title='bbox 211 50 310 109; x_wconf 71' lang='lat'>218</span> <span class='ocrx_word' id='word_1_2' title='bbox 481 46 550 96; x_wconf 85' lang='lat' dir='ltr'>M.</span> <span class='ocrx_word' id='word_1_3' title='bbox 589 47 644 96; x_wconf 82' lang='lat' dir='ltr'>T.</span> <span class='ocrx_word' id='word_1_4' title='bbox 684 44 1025 101; x_wconf 85' lang='lat' dir='ltr'>CICERONIS</span> <span class='ocrx_word' id='word_1_5' title='bbox 1058 42 1443 94; x_wconf 83' lang='lat' dir='ltr'>EPISTOLAE.</span> 
     </span>
    </p>
   </div>
   <div class='ocr_carea' id='block_1_2' title="bbox 412 164 1475 297">
    <p class='ocr_par' dir='ltr' id='par_1_2' title="bbox 412 164 1475 297">
     <span class='ocr_line' id='line_1_2' title="bbox 412 164 1475 227; baseline -0.005 -10"><span class='ocrx_word' id='word_1_6' title='bbox 412 165 736 226; x_wconf 85' lang='lat' dir='ltr'>EPISTOLA</span> <span class='ocrx_word' id='word_1_7' title='bbox 769 164 948 216; x_wconf 86' lang='lat' dir='ltr'>DXIX.</span> <span class='ocrx_word' id='word_1_8' title='bbox 994 164 1079 226; x_wconf 83' lang='lat' dir='ltr'>(ad</span> <span class='ocrx_word' id='word_1_9' title='bbox 1111 164 1224 215; x_wconf 87' lang='lat' dir='ltr'>Div.</span> <span class='ocrx_word' id='word_1_10' title='bbox 1255 164 1336 213; x_wconf 87' lang='lat' dir='ltr'>1X.</span> <span class='ocrx_word' id='word_1_11' title='bbox 1373 164 1475 227; x_wconf 68' lang='lat'>10.)</span> 
     </span>
     <span class='ocr_line' id='line_1_3' title="bbox 456 254 1442 297; baseline -0.005 -4"><span class='ocrx_word' id='word_1_12' title='bbox 456 257 537 293; x_wconf 82' lang='lat' dir='ltr'>scr.</span> <span class='ocrx_word' id='word_1_13' title='bbox 565 257 707 297; x_wconf 67' lang='lat' dir='ltr'>Romae</span> <span class='ocrx_word' id='word_1_14' title='bbox 734 256 851 291; x_wconf 74' lang='lat' dir='ltr'>initio</span> <span class='ocrx_word' id='word_1_15' title='bbox 876 257 920 290; x_wconf 89' lang='lat' dir='ltr'>A.</span> <span class='ocrx_word' id='word_1_16' title='bbox 946 256 994 291; x_wconf 91' lang='lat' dir='ltr'>U.</span> <span class='ocrx_word' id='word_1_17' title='bbox 1021 255 1062 291; x_wconf 88' lang='grc'><strong>0.</strong></span> <span class='ocrx_word' id='word_1_18' title='bbox 1088 257 1170 292; x_wconf 84' lang='lat'>709.</span> <span class='ocrx_word' id='word_1_19' title='bbox 1221 255 1270 297; x_wconf 83' lang='lat' dir='ltr'>(a.</span> <span class='ocrx_word' id='word_1_20' title='bbox 1298 254 1339 289; x_wconf 86' lang='grc'><strong>0.</strong></span> <span class='ocrx_word' id='word_1_21' title='bbox 1365 254 1442 297; x_wconf 69' lang='lat'>45.)</span> 
     </span>
    </p>
   </div>
   <div class='ocr_carea' id='block_1_3' title="bbox 216 322 1679 467">
    <p class='ocr_par' dir='ltr' id='par_1_3' title="bbox 216 322 1679 467">
     <span class='ocr_line' id='line_1_4' title="bbox 216 322 1679 370; baseline -0.006 -3"><span class='ocrx_word' id='word_1_22' title='bbox 216 332 324 368; x_wconf 79' lang='lat' dir='ltr'>Inter</span> <span class='ocrx_word' id='word_1_23' title='bbox 348 330 509 369; x_wconf 76' lang='lat' dir='ltr'>Niciam</span> <span class='ocrx_word' id='word_1_24' title='bbox 535 334 575 362; x_wconf 85' lang='lat' dir='ltr'>et</span> <span class='ocrx_word' id='word_1_25' title='bbox 600 327 763 370; x_wconf 81' lang='lat' dir='ltr'>Vidium</span> <span class='ocrx_word' id='word_1_26' title='bbox 791 328 909 363; x_wconf 86' lang='lat' dir='ltr'>iudex</span> <span class='ocrx_word' id='word_1_27' title='bbox 935 327 978 360; x_wconf 90' lang='lat' dir='ltr'>in</span> <span class='ocrx_word' id='word_1_28' title='bbox 1006 338 1135 370; x_wconf 82' lang='lat' dir='ltr'>causa,</span> <span class='ocrx_word' id='word_1_29' title='bbox 1173 334 1217 362; x_wconf 89' lang='lat' dir='ltr'>ut</span> <span class='ocrx_word' id='word_1_30' title='bbox 1241 327 1422 366; x_wconf 83' lang='lat' dir='ltr'>videtur,</span> <span class='ocrx_word' id='word_1_31' title='bbox 1449 322 1679 369; x_wconf 89' lang='lat' dir='ltr'>pecuniaria</span> 
     </span>
     <span class='ocr_line' id='line_1_5' title="bbox 218 374 1679 424; baseline -0.006 -10"><span class='ocrx_word' id='word_1_32' title='bbox 218 380 462 420; x_wconf 70' lang='lat' dir='ltr'>constitutus,</span> <span class='ocrx_word' id='word_1_33' title='bbox 490 376 593 421; x_wconf 87' lang='lat' dir='ltr'>quod</span> <span class='ocrx_word' id='word_1_34' title='bbox 619 377 897 424; x_wconf 79' lang='lat' dir='ltr'>grammaticus</span> <span class='ocrx_word' id='word_1_35' title='bbox 917 375 1033 409; x_wconf 88' lang='lat' dir='ltr'>Nicia</span> <span class='ocrx_word' id='word_1_36' title='bbox 1060 382 1154 418; x_wconf 87' lang='lat' dir='ltr'>erat,</span> <span class='ocrx_word' id='word_1_37' title='bbox 1179 387 1253 421; x_wconf 83' lang='lat' dir='ltr'>per</span> <span class='ocrx_word' id='word_1_38' title='bbox 1272 375 1402 408; x_wconf 86' lang='lat' dir='ltr'>iocum</span> <span class='ocrx_word' id='word_1_39' title='bbox 1421 374 1467 408; x_wconf 87' lang='lat' dir='ltr'>ad</span> <span class='ocrx_word' id='word_1_40' title='bbox 1486 384 1679 421; x_wconf 81' lang='lat' dir='ltr'>gramma-</span> 
     </span>
     <span class='ocr_line' id='line_1_6' title="bbox 336 421 1548 467; baseline -0.004 -7"><span class='ocrx_word' id='word_1_41' title='bbox 336 427 435 463; x_wconf 81' lang='lat' dir='ltr'>ticos</span> <span class='ocrx_word' id='word_1_42' title='bbox 462 425 624 466; x_wconf 86' lang='lat' dir='ltr'>alludit;</span> <span class='ocrx_word' id='word_1_43' title='bbox 651 425 772 459; x_wconf 83' lang='lat' dir='ltr'>etiam</span> <span class='ocrx_word' id='word_1_44' title='bbox 799 425 846 458; x_wconf 86' lang='lat' dir='ltr'>de</span> <span class='ocrx_word' id='word_1_45' title='bbox 872 426 911 467; x_wconf 83' lang='lat' dir='ltr'>P.</span> <span class='ocrx_word' id='word_1_46' title='bbox 938 423 1069 458; x_wconf 86' lang='lat' dir='ltr'>Sullae</span> <span class='ocrx_word' id='word_1_47' title='bbox 1095 431 1220 459; x_wconf 86' lang='lat' dir='ltr'>morte</span> <span class='ocrx_word' id='word_1_48' title='bbox 1246 423 1372 458; x_wconf 86' lang='lat' dir='ltr'>iocose</span> <span class='ocrx_word' id='word_1_49' title='bbox 1399 421 1548 466; x_wconf 80' lang='lat' dir='ltr'>scribit.</span> 
     </span>
    </p>
   </div>
   <div class='ocr_carea' id='block_1_4' title="bbox 535 493 1369 540">
    <p class='ocr_par' dir='ltr' id='par_1_4' title="bbox 535 493 1369 540">
     <span class='ocr_line' id='line_1_7' title="bbox 535 493 1369 540; baseline -0.006 -8"><span class='ocrx_word' id='word_1_50' title='bbox 535 496 588 532; x_wconf 79' lang='lat' dir='ltr'>M.</span> <span class='ocrx_word' id='word_1_51' title='bbox 615 496 796 532; x_wconf 85' lang='lat' dir='ltr'>CICERO</span> <span class='ocrx_word' id='word_1_52' title='bbox 824 496 860 531; x_wconf 89' lang='lat' dir='ltr'>S.</span> <span class='ocrx_word' id='word_1_53' title='bbox 890 497 934 535; x_wconf 93' lang='lat' dir='ltr'>D.</span> <span class='ocrx_word' id='word_1_54' title='bbox 963 496 998 531; x_wconf 92' lang='lat' dir='ltr'>P.</span> <span class='ocrx_word' id='word_1_55' title='bbox 1026 493 1369 540; x_wconf 69' lang='lat' dir='ltr'>DOLABELLAE.</span> 
     </span>
    </p>
   </div>
   <div class='ocr_carea' id='block_1_5' title="bbox 182 566 1686 1292">
    <p class='ocr_par' dir='ltr' id='par_1_5' title="bbox 182 566 1686 1292">
     <span class='ocr_line' id='line_1_8' title="bbox 328 566 1681 619; baseline -0.006 -7"><span class='ocrx_word' id='word_1_56' title='bbox 328 572 433 614; x_wconf 88' lang='lat' dir='ltr'>Non</span> <span class='ocrx_word' id='word_1_57' title='bbox 473 585 568 613; x_wconf 89' lang='lat' dir='ltr'>sum</span> <span class='ocrx_word' id='word_1_58' title='bbox 605 584 737 614; x_wconf 85' lang='lat' dir='ltr'>ausus</span> <span class='ocrx_word' id='word_1_59' title='bbox 767 568 919 611; x_wconf 87' lang='lat' dir='ltr'>Salvio</span> <span class='ocrx_word' id='word_1_60' title='bbox 957 577 1107 611; x_wconf 81' lang='lat' dir='ltr'>nostro</span> <span class='ocrx_word' id='word_1_61' title='bbox 1144 568 1255 619; x_wconf 82' lang='lat' dir='ltr'>nihil</span> <span class='ocrx_word' id='word_1_62' title='bbox 1291 566 1344 609; x_wconf 87' lang='lat' dir='ltr'>ad</span> <span class='ocrx_word' id='word_1_63' title='bbox 1379 575 1422 610; x_wconf 82' lang='lat' dir='ltr'>te</span> <span class='ocrx_word' id='word_1_64' title='bbox 1449 568 1681 615; x_wconf 87' lang='lat' dir='ltr'>literarum</span> 
     </span>
     <span class='ocr_line' id='line_1_9' title="bbox 218 624 1683 680; baseline -0.007 -8"><span class='ocrx_word' id='word_1_65' title='bbox 218 629 348 673; x_wconf 84' lang='lat' dir='ltr'>dare:</span> <span class='ocrx_word' id='word_1_66' title='bbox 386 642 466 669; x_wconf 87' lang='lat' dir='ltr'>nec</span> <span class='ocrx_word' id='word_1_67' title='bbox 496 627 744 666; x_wconf 82' lang='lat' dir='ltr'>mehercule</span> <span class='ocrx_word' id='word_1_68' title='bbox 773 626 1007 678; x_wconf 81' lang='lat' dir='ltr'>habebam,</span> <span class='ocrx_word' id='word_1_69' title='bbox 1038 624 1144 680; x_wconf 87' lang='lat' dir='ltr'>quid</span> <span class='ocrx_word' id='word_1_70' title='bbox 1174 625 1438 675; x_wconf 83' lang='lat' dir='ltr'>scriberem,</span> <span class='ocrx_word' id='word_1_71' title='bbox 1468 624 1557 663; x_wconf 88' lang='lat' dir='ltr'>nisi</span> <span class='ocrx_word' id='word_1_72' title='bbox 1584 628 1628 662; x_wconf 84' lang='lat' dir='ltr'>te</span> <span class='ocrx_word' id='word_1_73' title='bbox 1656 635 1683 662; x_wconf 85' lang='lat' dir='ltr'>a</span> 
     </span>
     <span class='ocr_line' id='line_1_10' title="bbox 218 680 1681 733; baseline -0.008 -6"><span class='ocrx_word' id='word_1_74' title='bbox 218 700 292 727; x_wconf 88' lang='lat' dir='ltr'>me</span> <span class='ocrx_word' id='word_1_75' title='bbox 319 683 590 724; x_wconf 87' lang='lat' dir='ltr'>mirabiliter</span> <span class='ocrx_word' id='word_1_76' title='bbox 617 683 779 732; x_wconf 81' lang='lat' dir='ltr'>amari3</span> <span class='ocrx_word' id='word_1_77' title='bbox 822 680 874 721; x_wconf 91' lang='lat' dir='ltr'>de</span> <span class='ocrx_word' id='word_1_78' title='bbox 912 694 999 733; x_wconf 85' lang='lat' dir='ltr'>quo</span> <span class='ocrx_word' id='word_1_79' title='bbox 1036 683 1170 721; x_wconf 85' lang='lat' dir='ltr'>etiam</span> <span class='ocrx_word' id='word_1_80' title='bbox 1208 680 1319 720; x_wconf 86' lang='lat' dir='ltr'>nihil</span> <span class='ocrx_word' id='word_1_81' title='bbox 1355 681 1572 721; x_wconf 82' lang='lat' dir='ltr'>scribente</span> <span class='ocrx_word' id='word_1_82' title='bbox 1610 689 1681 716; x_wconf 88' lang='lat' dir='ltr'>me</span> 
     </span>
     <span class='ocr_line' id='line_1_11' title="bbox 219 735 1683 783; baseline -0.006 -2"><span class='ocrx_word' id='word_1_83' title='bbox 219 749 264 783; x_wconf 81' lang='lat' dir='ltr'>te</span> <span class='ocrx_word' id='word_1_84' title='bbox 302 754 389 780; x_wconf 90' lang='lat' dir='ltr'>non</span> <span class='ocrx_word' id='word_1_85' title='bbox 427 739 630 778; x_wconf 83' lang='lat' dir='ltr'>dubitare</span> <span class='ocrx_word' id='word_1_86' title='bbox 666 743 787 777; x_wconf 84' lang='lat' dir='ltr'>certo</span> <span class='ocrx_word' id='word_1_87' title='bbox 823 738 928 776; x_wconf 90' lang='lat' dir='ltr'>scio.</span> <span class='ocrx_word' id='word_1_88' title='bbox 988 736 1176 775; x_wconf 87' lang='lat' dir='ltr'><strong>Omnino</strong></span> <span class='ocrx_word' id='word_1_89' title='bbox 1212 736 1320 775; x_wconf 89' lang='lat' dir='ltr'>mihi</span> <span class='ocrx_word' id='word_1_90' title='bbox 1355 736 1491 775; x_wconf 58' lang='lat' dir='ltr'>mauvis</span> <span class='ocrx_word' id='word_1_91' title='bbox 1525 735 1683 773; x_wconf 87' lang='lat' dir='ltr'>literae</span> 
     </span>
     <span class='ocr_line' id='line_1_12' title="bbox 219 768 1683 848; baseline -0.008 -11"><span class='ocrx_word' id='word_1_92' title='bbox 219 803 324 837; x_wconf 85' lang='lat' dir='ltr'>sunt</span> <span class='ocrx_word' id='word_1_93' title='bbox 363 791 678 848; x_wconf 77' lang='lat' dir='ltr'>exspectandae</span> <span class='ocrx_word' id='word_1_94' title='bbox 712 806 736 831; x_wconf 89' lang='lat' dir='ltr'>a</span> <span class='ocrx_word' id='word_1_95' title='bbox 770 798 836 842; x_wconf 86' lang='lat' dir='ltr'>te,</span> <span class='ocrx_word' id='word_1_96' title='bbox 881 804 1011 845; x_wconf 79' lang='lat' dir='ltr'>quam</span> <span class='ocrx_word' id='word_1_97' title='bbox 1050 805 1075 831; x_wconf 90' lang='lat' dir='ltr'>a</span> <span class='ocrx_word' id='word_1_98' title='bbox 1114 804 1183 830; x_wconf 92' lang='lat' dir='ltr'>me</span> <span class='ocrx_word' id='word_1_99' title='bbox 1226 792 1321 831; x_wconf 85' lang='lat' dir='ltr'>tibi.</span> <span class='ocrx_word' id='word_1_100' title='bbox 1392 768 1520 831; x_wconf 70' lang='lat' dir='ltr'>N&#39;ihil</span> <span class='ocrx_word' id='word_1_101' title='bbox 1564 789 1683 828; x_wconf 88' lang='lat' dir='ltr'>enim</span> 
     </span>
     <span class='ocr_line' id='line_1_13' title="bbox 220 844 1682 904; baseline -0.007 -12"><span class='ocrx_word' id='word_1_102' title='bbox 220 853 384 893; x_wconf 84' lang='lat' dir='ltr'>Romae</span> <span class='ocrx_word' id='word_1_103' title='bbox 418 851 613 904; x_wconf 78' lang='lat' dir='ltr'>geritur,</span> <span class='ocrx_word' id='word_1_104' title='bbox 660 846 776 900; x_wconf 83' lang='lat' dir='ltr'>quod</span> <span class='ocrx_word' id='word_1_105' title='bbox 813 853 856 886; x_wconf 84' lang='lat' dir='ltr'>te</span> <span class='ocrx_word' id='word_1_106' title='bbox 895 853 1045 899; x_wconf 88' lang='lat' dir='ltr'>putem</span> <span class='ocrx_word' id='word_1_107' title='bbox 1083 848 1197 886; x_wconf 88' lang='lat' dir='ltr'>scire</span> <span class='ocrx_word' id='word_1_108' title='bbox 1227 860 1406 886; x_wconf 87' lang='lat' dir='ltr'>curare:</span> <span class='ocrx_word' id='word_1_109' title='bbox 1449 845 1537 884; x_wconf 87' lang='lat' dir='ltr'>nisi</span> <span class='ocrx_word' id='word_1_110' title='bbox 1565 844 1682 883; x_wconf 82' lang='lat' dir='ltr'>forte</span> 
     </span>
     <span class='ocr_line' id='line_1_14' title="bbox 221 898 1682 954; baseline -0.008 -6"><span class='ocrx_word' id='word_1_111' title='bbox 221 910 336 949; x_wconf 82' lang='lat' dir='ltr'>scire</span> <span class='ocrx_word' id='word_1_112' title='bbox 365 907 455 954; x_wconf 82' lang='lat' dir='ltr'>vis,</span> <span class='ocrx_word' id='word_1_113' title='bbox 504 917 575 942; x_wconf 87' lang='lat' dir='ltr'>me</span> <span class='ocrx_word' id='word_1_114' title='bbox 610 904 726 943; x_wconf 88' lang='lat' dir='ltr'>inter</span> <span class='ocrx_word' id='word_1_115' title='bbox 755 902 932 944; x_wconf 84' lang='lat' dir='ltr'>Niciam</span> <span class='ocrx_word' id='word_1_116' title='bbox 971 907 1169 941; x_wconf 84' lang='lat' dir='ltr'>nostrum</span> <span class='ocrx_word' id='word_1_117' title='bbox 1209 908 1252 941; x_wconf 86' lang='lat' dir='ltr'>et</span> <span class='ocrx_word' id='word_1_118' title='bbox 1280 902 1462 941; x_wconf 84' lang='lat' dir='ltr'>Vidium</span> <span class='ocrx_word' id='word_1_119' title='bbox 1490 898 1682 940; x_wconf 88' lang='lat' dir='ltr'>iudicem</span> 
     </span>
     <span class='ocr_line' id='line_1_15' title="bbox 221 956 1684 1011; baseline -0.008 -8"><span class='ocrx_word' id='word_1_120' title='bbox 221 976 327 1004; x_wconf 88' lang='lat' dir='ltr'>esse.</span> <span class='ocrx_word' id='word_1_121' title='bbox 359 961 533 1000; x_wconf 84' lang='lat' dir='ltr'>Profert</span> <span class='ocrx_word' id='word_1_122' title='bbox 557 959 681 1008; x_wconf 84' lang='lat' dir='ltr'>alter,</span> <span class='ocrx_word' id='word_1_123' title='bbox 712 964 760 997; x_wconf 88' lang='lat' dir='ltr'>ut</span> <span class='ocrx_word' id='word_1_124' title='bbox 782 959 955 1011; x_wconf 82' lang='lat' dir='ltr'>opinor,</span> <span class='ocrx_word' id='word_1_125' title='bbox 987 956 1153 998; x_wconf 86' lang='lat' dir='ltr'>duobus</span> <span class='ocrx_word' id='word_1_126' title='bbox 1179 958 1414 998; x_wconf 85' lang='lat' dir='ltr'>versiculis</span> <span class='ocrx_word' id='word_1_127' title='bbox 1446 967 1684 1008; x_wconf 73' lang='lat' dir='ltr'>expensum</span> 
     </span>
     <span class='ocr_line' id='line_1_16' title="bbox 221 1007 1684 1067; baseline -0.009 -8"><span class='ocrx_word' id='word_1_128' title='bbox 221 1018 404 1059; x_wconf 75' lang='lat' dir='ltr'>Niciae:</span> <span class='ocrx_word' id='word_1_129' title='bbox 458 1015 574 1054; x_wconf 84' lang='lat' dir='ltr'>alter</span> <span class='ocrx_word' id='word_1_130' title='bbox 614 1014 896 1053; x_wconf 81' lang='lat' dir='ltr'>Aristarchus</span> <span class='ocrx_word' id='word_1_131' title='bbox 939 1013 1019 1052; x_wconf 83' lang='lat' dir='ltr'>hos</span> <span class='ocrx_word' id='word_1_132' title='bbox 1060 1007 1261 1064; x_wconf 75' lang='grc' dir='ltr'><strong>ὀβελίζει.</strong></span> <span class='ocrx_word' id='word_1_133' title='bbox 1329 1013 1419 1067; x_wconf 81' lang='lat' dir='ltr'>Ego</span> <span class='ocrx_word' id='word_1_134' title='bbox 1462 1018 1684 1063; x_wconf 84' lang='lat' dir='ltr'>tamquam</span> 
     </span>
     <span class='ocr_line' id='line_1_17' title="bbox 222 1064 1682 1123; baseline -0.007 -10"><span class='ocrx_word' id='word_1_135' title='bbox 222 1075 409 1114; x_wconf 84' lang='lat' dir='ltr'>criticus</span> <span class='ocrx_word' id='word_1_136' title='bbox 428 1072 632 1123; x_wconf 78' lang='lat' dir='ltr'>antiquus</span> <span class='ocrx_word' id='word_1_137' title='bbox 654 1070 926 1110; x_wconf 85' lang='lat' dir='ltr'>iudicaturus</span> <span class='ocrx_word' id='word_1_138' title='bbox 949 1081 1059 1120; x_wconf 83' lang='lat' dir='ltr'>sum,</span> <span class='ocrx_word' id='word_1_139' title='bbox 1094 1075 1242 1108; x_wconf 83' lang='lat' dir='ltr'>utrum</span> <span class='ocrx_word' id='word_1_140' title='bbox 1266 1070 1354 1107; x_wconf 84' lang='lat' dir='ltr'>sint</span> <span class='ocrx_word' id='word_1_141' title='bbox 1381 1067 1459 1107; x_wconf 69' lang='grc' dir='ltr'>τοῦ</span> <span class='ocrx_word' id='word_1_142' title='bbox 1478 1064 1682 1120; x_wconf 72' lang='grc' dir='ltr'>ποιητοῦ,</span> 
     </span>
     <span class='ocr_line' id='line_1_18' title="bbox 182 1121 1683 1183; baseline -0.007 -15"><span class='ocrx_word' id='word_1_143' title='bbox 182 1143 279 1183; x_wconf 87' lang='lat' dir='ltr'>2an</span> <span class='ocrx_word' id='word_1_144' title='bbox 309 1121 736 1182; x_wconf 66' lang='grc' dir='ltr'>παρεμβεβλημέιόι.</span> <span class='ocrx_word' id='word_1_145' title='bbox 794 1125 905 1163; x_wconf 83' lang='lat' dir='ltr'>Puto</span> <span class='ocrx_word' id='word_1_146' title='bbox 947 1137 1064 1163; x_wconf 83' lang='lat' dir='ltr'>nuuc</span> <span class='ocrx_word' id='word_1_147' title='bbox 1102 1123 1269 1163; x_wconf 83' lang='lat' dir='ltr'>dicere:</span> <span class='ocrx_word' id='word_1_148' title='bbox 1329 1123 1592 1175; x_wconf 85' lang='lat' dir='ltr'>„Oblitusne</span> <span class='ocrx_word' id='word_1_149' title='bbox 1638 1132 1683 1158; x_wconf 87' lang='lat' dir='ltr'>es</span> 
     </span>
     <span class='ocr_line' id='line_1_19' title="bbox 222 1176 1686 1238; baseline -0.008 -14"><span class='ocrx_word' id='word_1_150' title='bbox 222 1186 363 1238; x_wconf 78' lang='lat' dir='ltr'>igitur</span> <span class='ocrx_word' id='word_1_151' title='bbox 395 1185 633 1235; x_wconf 72' lang='lat' dir='ltr'>fungorum</span> <span class='ocrx_word' id='word_1_152' title='bbox 652 1181 847 1228; x_wconf 84' lang='lat' dir='ltr'>illorum,</span> <span class='ocrx_word' id='word_1_153' title='bbox 879 1192 988 1233; x_wconf 80' lang='lat' dir='ltr'>quos</span> <span class='ocrx_word' id='word_1_154' title='bbox 1008 1177 1125 1232; x_wconf 88' lang='lat' dir='ltr'>apud</span> <span class='ocrx_word' id='word_1_155' title='bbox 1139 1179 1346 1218; x_wconf 81' lang='lat' dir='ltr'>Niciam?-</span> <span class='ocrx_word' id='word_1_156' title='bbox 1377 1185 1420 1218; x_wconf 86' lang='lat' dir='ltr'>et</span> <span class='ocrx_word' id='word_1_157' title='bbox 1440 1176 1686 1231; x_wconf 82' lang='lat' dir='ltr'>ingentium</span> 
     </span>
     <span class='ocr_line' id='line_1_20' title="bbox 222 1229 1685 1292; baseline -0.007 -14"><span class='ocrx_word' id='word_1_158' title='bbox 222 1238 252 1292; x_wconf 57' lang='grc' dir='ltr'>ἢ·</span> <span class='ocrx_word' id='word_1_159' title='bbox 278 1239 480 1285; x_wconf 77' lang='lat' dir='ltr'>cularum</span> <span class='ocrx_word' id='word_1_160' title='bbox 520 1249 619 1276; x_wconf 84' lang='lat' dir='ltr'>cum</span> <span class='ocrx_word' id='word_1_161' title='bbox 650 1235 802 1290; x_wconf 87' lang='lat' dir='ltr'>sophia</span> <span class='ocrx_word' id='word_1_162' title='bbox 831 1231 1115 1288; x_wconf 77' lang='lat' dir='ltr'>Septimae?“</span> <span class='ocrx_word' id='word_1_163' title='bbox 1174 1234 1292 1287; x_wconf 71' lang='lat' dir='ltr'>Quid</span> <span class='ocrx_word' id='word_1_164' title='bbox 1321 1236 1452 1290; x_wconf 77' lang='lat' dir='ltr'>ergo?</span> <span class='ocrx_word' id='word_1_165' title='bbox 1498 1240 1550 1273; x_wconf 87' lang='lat' dir='ltr'>tu</span> <span class='ocrx_word' id='word_1_166' title='bbox 1577 1229 1685 1270; x_wconf 87' lang='lat' dir='ltr'>adeo</span> 
     </span>
    </p>
   </div>
   <div class='ocr_carea' id='block_1_6' title="bbox 211 1307 1701 1327">
    <p class='ocr_par' dir='ltr' id='par_1_6' title="bbox 211 1307 1701 1327">
     <span class='ocr_line' id='line_1_21' title="bbox 211 1307 1701 1327; baseline 0 1754"><span class='ocrx_word' id='word_1_167' title='bbox 211 1307 1701 1327; x_wconf 95' lang='lat' dir='ltr'> </span> 
     </span>
    </p>
   </div>
   <div class='ocr_carea' id='block_1_7' title="bbox 320 1348 1429 1395">
    <p class='ocr_par' dir='ltr' id='par_1_7' title="bbox 320 1348 1429 1395">
     <span class='ocr_line' id='line_1_22' title="bbox 320 1348 1429 1395; baseline -0.003 -10"><span class='ocrx_word' id='word_1_168' title='bbox 320 1348 669 1385; x_wconf 81' lang='lat' dir='ltr'><strong><em>DOLABELLAE.</em></strong></span> <span class='ocrx_word' id='word_1_169' title='bbox 720 1348 754 1384; x_wconf 90' lang='lat' dir='ltr'>S.</span> <span class='ocrx_word' id='word_1_170' title='bbox 781 1362 827 1382; x_wconf 92' lang='lat' dir='ltr'>zu</span> <span class='ocrx_word' id='word_1_171' title='bbox 856 1360 914 1395; x_wconf 87' lang='lat' dir='ltr'>ep.</span> <span class='ocrx_word' id='word_1_172' title='bbox 943 1348 1231 1387; x_wconf 79' lang='lat' dir='ltr'>CCCLXXXIX,</span> <span class='ocrx_word' id='word_1_173' title='bbox 1260 1348 1315 1381; x_wconf 90' lang='lat' dir='ltr'>im</span> <span class='ocrx_word' id='word_1_174' title='bbox 1343 1349 1429 1382; x_wconf 83' lang='lat' dir='ltr'>Anf.</span> 
     </span>
    </p>
   </div>
   <div class='ocr_carea' id='block_1_8' title="bbox 225 1391 1687 1539">
    <p class='ocr_par' dir='ltr' id='par_1_8' title="bbox 225 1391 1687 1539">
     <span class='ocr_line' id='line_1_23' title="bbox 319 1391 1684 1442; baseline -0.007 -8"><span class='ocrx_word' id='word_1_175' title='bbox 319 1404 351 1436; x_wconf 85' lang='lat'>1.</span> <span class='ocrx_word' id='word_1_176' title='bbox 405 1396 529 1432; x_wconf 76' lang='lat' dir='ltr'>Salvio</span> <span class='ocrx_word' id='word_1_177' title='bbox 553 1403 678 1431; x_wconf 82' lang='lat' dir='ltr'>nostro</span> <span class='ocrx_word' id='word_1_178' title='bbox 705 1397 859 1431; x_wconf 87' lang='lat' dir='ltr'>liberto.</span> <span class='ocrx_word' id='word_1_179' title='bbox 888 1415 930 1422; x_wconf 89' lang='lat'><strong>—</strong></span> <span class='ocrx_word' id='word_1_180' title='bbox 957 1409 1022 1430; x_wconf 81' lang='lat' dir='ltr'>nec</span> <span class='ocrx_word' id='word_1_181' title='bbox 1045 1404 1184 1430; x_wconf 86' lang='lat' dir='ltr'>tamen.</span> <span class='ocrx_word' id='word_1_182' title='bbox 1220 1414 1262 1421; x_wconf 95' lang='lat'>-</span> <span class='ocrx_word' id='word_1_183' title='bbox 1295 1398 1391 1442; x_wconf 66' lang='lat' dir='ltr'>quid.</span> <span class='ocrx_word' id='word_1_184' title='bbox 1418 1396 1516 1430; x_wconf 90' lang='lat' dir='ltr'>Ern.</span> <span class='ocrx_word' id='word_1_185' title='bbox 1543 1391 1684 1426; x_wconf 80' lang='lat' dir='ltr'>Bened.</span> 
     </span>
     <span class='ocr_line' id='line_1_24' title="bbox 225 1441 1687 1492; baseline -0.008 -7"><span class='ocrx_word' id='word_1_186' title='bbox 225 1449 313 1485; x_wconf 89' lang='lat' dir='ltr'>Sch.</span> <span class='ocrx_word' id='word_1_187' title='bbox 342 1449 437 1482; x_wconf 76' lang='lat' dir='ltr'>Liin.</span> <span class='ocrx_word' id='word_1_188' title='bbox 467 1447 571 1492; x_wconf 76' lang='lat' dir='ltr'>quod.</span> <span class='ocrx_word' id='word_1_189' title='bbox 592 1465 633 1471; x_wconf 94' lang='lat'><strong>—</strong></span> <span class='ocrx_word' id='word_1_190' title='bbox 657 1449 767 1479; x_wconf 75' lang='lat' dir='ltr'>etiam</span> <span class='ocrx_word' id='word_1_191' title='bbox 792 1446 888 1479; x_wconf 80' lang='lat' dir='ltr'>m&#39;lzil</span> <span class='ocrx_word' id='word_1_192' title='bbox 909 1447 1084 1479; x_wconf 76' lang='lat' dir='ltr'>scribente</span> <span class='ocrx_word' id='word_1_193' title='bbox 1109 1458 1163 1478; x_wconf 86' lang='lat' dir='ltr'>me</span> <span class='ocrx_word' id='word_1_194' title='bbox 1181 1455 1228 1476; x_wconf 68' lang='grc' dir='ltr'><strong>Ξ</strong></span> <span class='ocrx_word' id='word_1_195' title='bbox 1247 1451 1289 1479; x_wconf 84' lang='lat' dir='ltr'>ut</span> <span class='ocrx_word' id='word_1_196' title='bbox 1314 1446 1429 1479; x_wconf 86' lang='lat' dir='ltr'>etiam</span> <span class='ocrx_word' id='word_1_197' title='bbox 1458 1442 1563 1476; x_wconf 85' lang='lat' dir='ltr'>nihil</span> <span class='ocrx_word' id='word_1_198' title='bbox 1590 1441 1687 1475; x_wconf 82' lang='lat' dir='ltr'>scri-</span> 
     </span>
     <span class='ocr_line' id='line_1_25' title="bbox 225 1491 1687 1539; baseline -0.006 -7"><span class='ocrx_word' id='word_1_199' title='bbox 225 1498 327 1535; x_wconf 84' lang='lat' dir='ltr'>bam,</span> <span class='ocrx_word' id='word_1_200' title='bbox 353 1507 469 1530; x_wconf 86' lang='lat' dir='ltr'>wenn</span> <span class='ocrx_word' id='word_1_201' title='bbox 503 1494 568 1527; x_wconf 89' lang='lat' dir='ltr'>ich</span> <span class='ocrx_word' id='word_1_202' title='bbox 595 1506 632 1529; x_wconf 85' lang='lat' dir='ltr'>es</span> <span class='ocrx_word' id='word_1_203' title='bbox 659 1494 730 1527; x_wconf 79' lang='lat' dir='ltr'>Dir</span> <span class='ocrx_word' id='word_1_204' title='bbox 757 1493 856 1527; x_wconf 86' lang='lat' dir='ltr'>auch</span> <span class='ocrx_word' id='word_1_205' title='bbox 884 1492 998 1526; x_wconf 87' lang='lat' dir='ltr'>nicht</span> <span class='ocrx_word' id='word_1_206' title='bbox 1022 1493 1205 1527; x_wconf 86' lang='lat' dir='ltr'>schreibe.</span> <span class='ocrx_word' id='word_1_207' title='bbox 1233 1511 1279 1517; x_wconf 86' lang='lat'>—</span> <span class='ocrx_word' id='word_1_208' title='bbox 1303 1491 1578 1539; x_wconf 72' lang='lat' dir='ltr'>exspectandae,</span> <span class='ocrx_word' id='word_1_209' title='bbox 1614 1499 1687 1534; x_wconf 86' lang='lat' dir='ltr'>pro</span> 
     </span>
    </p>
   </div>
   <div class='ocr_carea' id='block_1_9' title="bbox 227 1540 1703 2741">
    <p class='ocr_par' dir='ltr' id='par_1_9' title="bbox 227 1540 1699 2408">
     <span class='ocr_line' id='line_1_26' title="bbox 228 1540 1686 1591; baseline -0.007 -12"><span class='ocrx_word' id='word_1_210' title='bbox 228 1557 305 1591; x_wconf 83' lang='lat' dir='ltr'>quo</span> <span class='ocrx_word' id='word_1_211' title='bbox 332 1544 548 1590; x_wconf 72' lang='lat' dir='ltr'>expetendae</span> <span class='ocrx_word' id='word_1_212' title='bbox 582 1540 791 1576; x_wconf 82' lang='lat' dir='ltr'>Suetonius</span> <span class='ocrx_word' id='word_1_213' title='bbox 816 1542 857 1576; x_wconf 76' lang='lat' dir='ltr'>cle</span> <span class='ocrx_word' id='word_1_214' title='bbox 883 1543 1021 1577; x_wconf 71' lang='lat' dir='ltr'>illustr.</span> <span class='ocrx_word' id='word_1_215' title='bbox 1051 1542 1211 1575; x_wconf 75' lang='lat' dir='ltr'>Gramm.</span> <span class='ocrx_word' id='word_1_216' title='bbox 1241 1552 1270 1575; x_wconf 89' lang='lat' dir='ltr'>c.</span> <span class='ocrx_word' id='word_1_217' title='bbox 1298 1545 1361 1576; x_wconf 60' lang='lat'>14:</span> <span class='ocrx_word' id='word_1_218' title='bbox 1401 1541 1466 1574; x_wconf 87' lang='lat' dir='ltr'>ubi</span> <span class='ocrx_word' id='word_1_219' title='bbox 1503 1543 1686 1582; x_wconf 75' lang='lat' dir='ltr'>excerpta</span> 
     </span>
     <span class='ocr_line' id='line_1_27' title="bbox 227 1585 1688 1635; baseline -0.008 -7"><span class='ocrx_word' id='word_1_220' title='bbox 227 1599 318 1629; x_wconf 84' lang='lat' dir='ltr'>sunt</span> <span class='ocrx_word' id='word_1_221' title='bbox 344 1593 460 1626; x_wconf 83' lang='lat' dir='ltr'>verba</span> <span class='ocrx_word' id='word_1_222' title='bbox 491 1591 646 1625; x_wconf 84' lang='lat' dir='ltr'>Omnino</span> <span class='ocrx_word' id='word_1_223' title='bbox 672 1590 764 1624; x_wconf 72' lang='lat' dir='ltr'>mihi</span> <span class='ocrx_word' id='word_1_224' title='bbox 789 1616 796 1623; x_wconf 90' lang='lat'>.</span> <span class='ocrx_word' id='word_1_225' title='bbox 825 1616 833 1624; x_wconf 89' lang='lat'>.</span> <span class='ocrx_word' id='word_1_226' title='bbox 861 1618 868 1625; x_wconf 92' lang='lat'>.</span> <span class='ocrx_word' id='word_1_227' title='bbox 896 1603 943 1624; x_wconf 73' lang='lat' dir='ltr'>an</span> <span class='ocrx_word' id='word_1_228' title='bbox 970 1589 1396 1635; x_wconf 39' lang='lat' dir='ltr'>napsfficfssesilmlus&#39;1101.</span> <span class='ocrx_word' id='word_1_229' title='bbox 1428 1585 1618 1622; x_wconf 83' lang='lat' dir='ltr'>ORELLI.</span> <span class='ocrx_word' id='word_1_230' title='bbox 1641 1604 1688 1610; x_wconf 90' lang='lat'>—-</span> 
     </span>
     <span class='ocr_line' id='line_1_28' title="bbox 228 1634 1689 1686; baseline -0.007 -10"><span class='ocrx_word' id='word_1_231' title='bbox 228 1641 408 1677; x_wconf 84' lang='lat' dir='ltr'>Curtium</span> <span class='ocrx_word' id='word_1_232' title='bbox 432 1639 592 1679; x_wconf 80' lang='lat' dir='ltr'>Niciam,</span> <span class='ocrx_word' id='word_1_233' title='bbox 620 1639 937 1686; x_wconf 79' lang='lat' dir='ltr'>grammaticum,</span> <span class='ocrx_word' id='word_1_234' title='bbox 957 1637 1181 1671; x_wconf 82' lang='lat' dir='ltr'>Dolabellae</span> <span class='ocrx_word' id='word_1_235' title='bbox 1207 1638 1459 1670; x_wconf 78' lang='lat' dir='ltr'>familiarem.</span> <span class='ocrx_word' id='word_1_236' title='bbox 1495 1635 1529 1669; x_wconf 85' lang='lat' dir='ltr'>S.</span> <span class='ocrx_word' id='word_1_237' title='bbox 1559 1634 1604 1666; x_wconf 83' lang='lat' dir='ltr'>ad</span> <span class='ocrx_word' id='word_1_238' title='bbox 1622 1634 1689 1667; x_wconf 81' lang='lat' dir='ltr'>At-</span> 
     </span>
     <span class='ocr_line' id='line_1_29' title="bbox 227 1682 1688 1727; baseline -0.005 -3"><span class='ocrx_word' id='word_1_239' title='bbox 227 1691 295 1725; x_wconf 79' lang='lat' dir='ltr'>tic.</span> <span class='ocrx_word' id='word_1_240' title='bbox 322 1688 440 1727; x_wconf 89' lang='lat' dir='ltr'>XlII,</span> <span class='ocrx_word' id='word_1_241' title='bbox 467 1690 523 1723; x_wconf 84' lang='lat'>52.</span> <span class='ocrx_word' id='word_1_242' title='bbox 550 1689 608 1723; x_wconf 83' lang='lat'>28.</span> <span class='ocrx_word' id='word_1_243' title='bbox 640 1687 732 1726; x_wconf 90' lang='lat' dir='ltr'>VII,</span> <span class='ocrx_word' id='word_1_244' title='bbox 760 1690 794 1722; x_wconf 88' lang='lat'>3.</span> <span class='ocrx_word' id='word_1_245' title='bbox 822 1686 913 1724; x_wconf 82' lang='lat' dir='ltr'>XII,</span> <span class='ocrx_word' id='word_1_246' title='bbox 948 1687 1007 1721; x_wconf 89' lang='grc'>26.</span> <span class='ocrx_word' id='word_1_247' title='bbox 1045 1686 1091 1718; x_wconf 90' lang='lat' dir='ltr'>ad</span> <span class='ocrx_word' id='word_1_248' title='bbox 1125 1687 1273 1721; x_wconf 81' lang='lat' dir='ltr'>Divers.</span> <span class='ocrx_word' id='word_1_249' title='bbox 1304 1686 1401 1726; x_wconf 88' lang='lat' dir='ltr'>VII,</span> <span class='ocrx_word' id='word_1_250' title='bbox 1438 1687 1495 1719; x_wconf 83' lang='lat'>23.</span> <span class='ocrx_word' id='word_1_251' title='bbox 1523 1682 1592 1724; x_wconf 90' lang='lat' dir='ltr'>IX,</span> <span class='ocrx_word' id='word_1_252' title='bbox 1635 1685 1688 1716; x_wconf 90' lang='lat'>11.</span> 
     </span>
     <span class='ocr_line' id='line_1_30' title="bbox 229 1731 1689 1772; baseline -0.005 -1"><span class='ocrx_word' id='word_1_253' title='bbox 229 1739 365 1772; x_wconf 85' lang='lat' dir='ltr'>Dieser</span> <span class='ocrx_word' id='word_1_254' title='bbox 401 1735 616 1770; x_wconf 79' lang='lat' dir='ltr'>Graeculus</span> <span class='ocrx_word' id='word_1_255' title='bbox 655 1734 808 1768; x_wconf 72' lang='lat' dir='ltr'>machte</span> <span class='ocrx_word' id='word_1_256' title='bbox 843 1746 891 1767; x_wconf 91' lang='lat' dir='ltr'>zu</span> <span class='ocrx_word' id='word_1_257' title='bbox 917 1734 1012 1767; x_wconf 87' lang='lat' dir='ltr'>Rom</span> <span class='ocrx_word' id='word_1_258' title='bbox 1048 1733 1090 1766; x_wconf 88' lang='lat' dir='ltr'>in</span> <span class='ocrx_word' id='word_1_259' title='bbox 1125 1734 1368 1768; x_wconf 85' lang='lat' dir='ltr'>vornehmen</span> <span class='ocrx_word' id='word_1_260' title='bbox 1402 1733 1577 1765; x_wconf 70' lang='lat' dir='ltr'>H&#39;ziusern</span> <span class='ocrx_word' id='word_1_261' title='bbox 1614 1731 1689 1763; x_wconf 83' lang='lat' dir='ltr'>deu</span> 
     </span>
     <span class='ocr_line' id='line_1_31' title="bbox 231 1779 1690 1830; baseline -0.005 -11"><span class='ocrx_word' id='word_1_262' title='bbox 231 1784 547 1830; x_wconf 84' lang='lat' dir='ltr'>Sprachmeister</span> <span class='ocrx_word' id='word_1_263' title='bbox 573 1783 651 1816; x_wconf 84' lang='lat' dir='ltr'>und</span> <span class='ocrx_word' id='word_1_264' title='bbox 680 1782 966 1826; x_wconf 72' lang='lat' dir='ltr'>Complaisant5</span> <span class='ocrx_word' id='word_1_265' title='bbox 993 1781 1093 1815; x_wconf 82' lang='lat' dir='ltr'>auch</span> <span class='ocrx_word' id='word_1_266' title='bbox 1118 1793 1201 1815; x_wconf 83' lang='lat' dir='ltr'>war</span> <span class='ocrx_word' id='word_1_267' title='bbox 1229 1794 1272 1815; x_wconf 88' lang='lat' dir='ltr'>er</span> <span class='ocrx_word' id='word_1_268' title='bbox 1296 1788 1413 1815; x_wconf 83' lang='lat' dir='ltr'>unter</span> <span class='ocrx_word' id='word_1_269' title='bbox 1435 1780 1599 1814; x_wconf 83' lang='lat' dir='ltr'>Cicero&#39;s</span> <span class='ocrx_word' id='word_1_270' title='bbox 1619 1779 1690 1812; x_wconf 81' lang='lat' dir='ltr'>Be-</span> 
     </span>
     <span class='ocr_line' id='line_1_32' title="bbox 232 1827 1691 1880; baseline -0.003 -14"><span class='ocrx_word' id='word_1_271' title='bbox 232 1833 415 1880; x_wconf 77' lang='lat' dir='ltr'>gleitung·</span> <span class='ocrx_word' id='word_1_272' title='bbox 454 1833 496 1864; x_wconf 89' lang='lat' dir='ltr'>in</span> <span class='ocrx_word' id='word_1_273' title='bbox 537 1831 705 1865; x_wconf 87' lang='lat' dir='ltr'>Cilicien</span> <span class='ocrx_word' id='word_1_274' title='bbox 743 1842 935 1876; x_wconf 71' lang='lat' dir='ltr'>gewesen.</span> <span class='ocrx_word' id='word_1_275' title='bbox 972 1849 1019 1854; x_wconf 97' lang='lat'><strong>—</strong></span> <span class='ocrx_word' id='word_1_276' title='bbox 1056 1831 1206 1864; x_wconf 70' lang='lat' dir='ltr'>iudicem</span> <span class='ocrx_word' id='word_1_277' title='bbox 1243 1829 1499 1863; x_wconf 84' lang='lat' dir='ltr'>constitutum</span> <span class='ocrx_word' id='word_1_278' title='bbox 1537 1839 1608 1861; x_wconf 79' lang='lat' dir='ltr'>esse</span> <span class='ocrx_word' id='word_1_279' title='bbox 1645 1827 1691 1861; x_wconf 89' lang='lat' dir='ltr'>de</span> 
     </span>
     <span class='ocr_line' id='line_1_33' title="bbox 231 1875 1692 1926; baseline -0.003 -14"><span class='ocrx_word' id='word_1_280' title='bbox 231 1880 411 1926; x_wconf 81' lang='lat' dir='ltr'>pecunia,</span> <span class='ocrx_word' id='word_1_281' title='bbox 447 1890 563 1923; x_wconf 87' lang='lat' dir='ltr'>quam</span> <span class='ocrx_word' id='word_1_282' title='bbox 590 1878 663 1913; x_wconf 84' lang='lat' dir='ltr'>sibi</span> <span class='ocrx_word' id='word_1_283' title='bbox 690 1890 709 1913; x_wconf 84' lang='lat' dir='ltr'>a</span> <span class='ocrx_word' id='word_1_284' title='bbox 736 1876 850 1912; x_wconf 85' lang='lat' dir='ltr'>Nicia</span> <span class='ocrx_word' id='word_1_285' title='bbox 877 1878 1007 1912; x_wconf 87' lang='lat' dir='ltr'>deberi</span> <span class='ocrx_word' id='word_1_286' title='bbox 1034 1878 1172 1912; x_wconf 85' lang='lat' dir='ltr'>Vibius</span> <span class='ocrx_word' id='word_1_287' title='bbox 1199 1878 1333 1921; x_wconf 71' lang='lat' dir='ltr'>aiebat.</span> <span class='ocrx_word' id='word_1_288' title='bbox 1370 1875 1489 1911; x_wconf 79' lang='lat' dir='ltr'>MAN.</span> <span class='ocrx_word' id='word_1_289' title='bbox 1514 1894 1561 1899; x_wconf 85' lang='lat'><em>-</em></span> <span class='ocrx_word' id='word_1_290' title='bbox 1586 1877 1692 1915; x_wconf 57' lang='lat' dir='ltr'>alter,</span> 
     </span>
     <span class='ocr_line' id='line_1_34' title="bbox 232 1926 1694 1973; baseline -0.004 -12"><span class='ocrx_word' id='word_1_291' title='bbox 232 1929 384 1965; x_wconf 79' lang='lat' dir='ltr'>Vibius,</span> <span class='ocrx_word' id='word_1_292' title='bbox 425 1947 472 1952; x_wconf 97' lang='lat'><strong>—</strong></span> <span class='ocrx_word' id='word_1_293' title='bbox 512 1930 655 1973; x_wconf 79' lang='lat' dir='ltr'>opinor.</span> <span class='ocrx_word' id='word_1_294' title='bbox 682 1927 785 1961; x_wconf 82' lang='lat' dir='ltr'>Crat.</span> <span class='ocrx_word' id='word_1_295' title='bbox 814 1927 943 1961; x_wconf 81' lang='lat' dir='ltr'>Lamb.</span> <span class='ocrx_word' id='word_1_296' title='bbox 972 1926 1111 1960; x_wconf 80' lang='lat' dir='ltr'>Graev.</span> <span class='ocrx_word' id='word_1_297' title='bbox 1138 1927 1232 1960; x_wconf 84' lang='lat' dir='ltr'>Ern.</span> <span class='ocrx_word' id='word_1_298' title='bbox 1259 1926 1345 1960; x_wconf 87' lang='lat' dir='ltr'>Sch.</span> <span class='ocrx_word' id='word_1_299' title='bbox 1373 1927 1469 1958; x_wconf 74' lang='lat' dir='ltr'>Liin.</span> <span class='ocrx_word' id='word_1_300' title='bbox 1497 1929 1537 1956; x_wconf 73' lang='lat' dir='ltr'>ut</span> <span class='ocrx_word' id='word_1_301' title='bbox 1563 1926 1694 1969; x_wconf 78' lang='lat' dir='ltr'>opinor</span> 
     </span>
     <span class='ocr_line' id='line_1_35' title="bbox 234 1972 1692 2020; baseline -0.005 -10"><span class='ocrx_word' id='word_1_302' title='bbox 234 1983 369 2010; x_wconf 88' lang='lat' dir='ltr'>contra</span> <span class='ocrx_word' id='word_1_303' title='bbox 396 1974 499 2009; x_wconf 81' lang='lat' dir='ltr'>Suet.</span> <span class='ocrx_word' id='word_1_304' title='bbox 536 1983 573 2010; x_wconf 83' lang='lat' dir='ltr'>et</span> <span class='ocrx_word' id='word_1_305' title='bbox 598 1976 675 2008; x_wconf 78' lang='lat' dir='ltr'>Md.</span> <span class='ocrx_word' id='word_1_306' title='bbox 707 1976 779 2008; x_wconf 78' lang='grc' dir='ltr'><strong>ΟΒ.</strong></span> <span class='ocrx_word' id='word_1_307' title='bbox 816 1993 860 1998; x_wconf 83' lang='grc'><strong>-</strong></span> <span class='ocrx_word' id='word_1_308' title='bbox 898 1987 1087 2020; x_wconf 72' lang='lat' dir='ltr'>expensum</span> <span class='ocrx_word' id='word_1_309' title='bbox 1118 1974 1265 2014; x_wconf 74' lang='lat' dir='ltr'>Niciae,</span> <span class='ocrx_word' id='word_1_310' title='bbox 1303 1974 1401 2014; x_wconf 84' lang='lat' dir='ltr'>„der</span> <span class='ocrx_word' id='word_1_311' title='bbox 1435 1973 1537 2007; x_wconf 87' lang='lat' dir='ltr'>Eine</span> <span class='ocrx_word' id='word_1_312' title='bbox 1574 1972 1692 2018; x_wconf 66' lang='lat' dir='ltr'>zeigt,</span> 
     </span>
     <span class='ocr_line' id='line_1_36' title="bbox 233 2020 1699 2067; baseline -0.004 -9"><span class='ocrx_word' id='word_1_313' title='bbox 233 2036 297 2059; x_wconf 88' lang='lat' dir='ltr'>wo</span> <span class='ocrx_word' id='word_1_314' title='bbox 323 2024 404 2057; x_wconf 81' lang='lat' dir='ltr'>mir</span> <span class='ocrx_word' id='word_1_315' title='bbox 430 2023 544 2057; x_wconf 83' lang='lat' dir='ltr'>recht</span> <span class='ocrx_word' id='word_1_316' title='bbox 571 2024 637 2066; x_wconf 85' lang='lat' dir='ltr'>ist,</span> <span class='ocrx_word' id='word_1_317' title='bbox 674 2024 736 2056; x_wconf 89' lang='lat' dir='ltr'>ein</span> <span class='ocrx_word' id='word_1_318' title='bbox 766 2025 858 2056; x_wconf 84' lang='lat' dir='ltr'>Paar</span> <span class='ocrx_word' id='word_1_319' title='bbox 884 2022 1227 2067; x_wconf 80' lang='lat' dir='ltr'>Manuscriptchen</span> <span class='ocrx_word' id='word_1_320' title='bbox 1255 2020 1596 2062; x_wconf 81' lang='lat' dir='ltr'>(Schuldscheine)</span> <span class='ocrx_word' id='word_1_321' title='bbox 1629 2021 1699 2052; x_wconf 85' lang='lat' dir='ltr'>auf</span> 
     </span>
     <span class='ocr_line' id='line_1_37' title="bbox 233 2070 1694 2119; baseline -0.005 -12"><span class='ocrx_word' id='word_1_322' title='bbox 233 2072 451 2119; x_wconf 80' lang='lat' dir='ltr'>Rechnung</span> <span class='ocrx_word' id='word_1_323' title='bbox 475 2072 537 2105; x_wconf 89' lang='lat' dir='ltr'>des</span> <span class='ocrx_word' id='word_1_324' title='bbox 552 2071 857 2116; x_wconf 84' lang='lat' dir='ltr'>Sprachlehrers</span> <span class='ocrx_word' id='word_1_325' title='bbox 881 2072 994 2105; x_wconf 79' lang='lat' dir='ltr'>vor.“</span> <span class='ocrx_word' id='word_1_326' title='bbox 1035 2070 1174 2104; x_wconf 85' lang='lat' dir='ltr'>Vidius</span> <span class='ocrx_word' id='word_1_327' title='bbox 1201 2083 1219 2105; x_wconf 80' lang='lat' dir='ltr'>a</span> <span class='ocrx_word' id='word_1_328' title='bbox 1235 2070 1350 2103; x_wconf 86' lang='lat' dir='ltr'>Nicia</span> <span class='ocrx_word' id='word_1_329' title='bbox 1375 2070 1476 2114; x_wconf 81' lang='lat' dir='ltr'>petit</span> <span class='ocrx_word' id='word_1_330' title='bbox 1501 2079 1694 2109; x_wconf 86' lang='lat' dir='ltr'>nummos,</span> 
     </span>
     <span class='ocr_line' id='line_1_38' title="bbox 237 2117 1695 2165; baseline -0.003 -12"><span class='ocrx_word' id='word_1_331' title='bbox 237 2131 331 2165; x_wconf 86' lang='lat' dir='ltr'>quos</span> <span class='ocrx_word' id='word_1_332' title='bbox 360 2132 446 2153; x_wconf 86' lang='lat' dir='ltr'>eum</span> <span class='ocrx_word' id='word_1_333' title='bbox 475 2120 545 2152; x_wconf 82' lang='lat' dir='ltr'>sibi</span> <span class='ocrx_word' id='word_1_334' title='bbox 572 2120 710 2153; x_wconf 86' lang='lat' dir='ltr'>debere</span> <span class='ocrx_word' id='word_1_335' title='bbox 736 2120 833 2152; x_wconf 74' lang='lat' dir='ltr'>dicit</span> <span class='ocrx_word' id='word_1_336' title='bbox 862 2127 895 2153; x_wconf 83' lang='lat' dir='ltr'>et</span> <span class='ocrx_word' id='word_1_337' title='bbox 925 2129 1019 2163; x_wconf 87' lang='lat' dir='ltr'>quos</span> <span class='ocrx_word' id='word_1_338' title='bbox 1047 2119 1089 2150; x_wconf 89' lang='lat' dir='ltr'>in</span> <span class='ocrx_word' id='word_1_339' title='bbox 1116 2119 1340 2151; x_wconf 84' lang='lat' dir='ltr'>calendario</span> <span class='ocrx_word' id='word_1_340' title='bbox 1368 2129 1434 2152; x_wconf 85' lang='lat' dir='ltr'>suo</span> <span class='ocrx_word' id='word_1_341' title='bbox 1465 2118 1529 2151; x_wconf 90' lang='lat' dir='ltr'>vel</span> <span class='ocrx_word' id='word_1_342' title='bbox 1557 2117 1695 2149; x_wconf 82' lang='lat' dir='ltr'>tabulis</span> 
     </span>
     <span class='ocr_line' id='line_1_39' title="bbox 236 2166 1697 2213; baseline -0.003 -11"><span class='ocrx_word' id='word_1_343' title='bbox 236 2168 394 2213; x_wconf 83' lang='lat' dir='ltr'>expensi</span> <span class='ocrx_word' id='word_1_344' title='bbox 423 2168 456 2201; x_wconf 76' lang='lat' dir='ltr'>ei</span> <span class='ocrx_word' id='word_1_345' title='bbox 485 2168 696 2201; x_wconf 77' lang='lat' dir='ltr'>credidisse</span> <span class='ocrx_word' id='word_1_346' title='bbox 724 2168 912 2212; x_wconf 72' lang='lat' dir='ltr'>scriptum</span> <span class='ocrx_word' id='word_1_347' title='bbox 941 2168 1103 2211; x_wconf 87' lang='lat' dir='ltr'>profert.</span> <span class='ocrx_word' id='word_1_348' title='bbox 1148 2167 1352 2210; x_wconf 71' lang='lat' dir='ltr'>E.rp‹nszmz</span> <span class='ocrx_word' id='word_1_349' title='bbox 1370 2166 1477 2209; x_wconf 76' lang='lat' dir='ltr'>ferre</span> <span class='ocrx_word' id='word_1_350' title='bbox 1503 2167 1616 2198; x_wconf 77' lang='lat' dir='ltr'>alicui</span> <span class='ocrx_word' id='word_1_351' title='bbox 1641 2172 1697 2198; x_wconf 83' lang='lat' dir='ltr'>est</span> 
     </span>
     <span class='ocr_line' id='line_1_40' title="bbox 238 2213 1697 2262; baseline -0.004 -12"><span class='ocrx_word' id='word_1_352' title='bbox 238 2217 437 2260; x_wconf 79' lang='lat' dir='ltr'>imputare</span> <span class='ocrx_word' id='word_1_353' title='bbox 465 2216 595 2260; x_wconf 72' lang='lat' dir='ltr'>alicui,</span> <span class='ocrx_word' id='word_1_354' title='bbox 624 2222 822 2262; x_wconf 74' lang='lat' dir='ltr'>erogatum</span> <span class='ocrx_word' id='word_1_355' title='bbox 853 2214 972 2247; x_wconf 87' lang='lat' dir='ltr'>alicui</span> <span class='ocrx_word' id='word_1_356' title='bbox 999 2215 1145 2254; x_wconf 83' lang='lat' dir='ltr'>testari,</span> <span class='ocrx_word' id='word_1_357' title='bbox 1171 2215 1360 2256; x_wconf 82' lang='lat' dir='ltr'>scribere,</span> <span class='ocrx_word' id='word_1_358' title='bbox 1388 2214 1548 2248; x_wconf 68' lang='lat' dir='ltr'>dicere*</span> <span class='ocrx_word' id='word_1_359' title='bbox 1580 2213 1697 2247; x_wconf 88' lang='lat' dir='ltr'>GRO-</span> 
     </span>
     <span class='ocr_line' id='line_1_41' title="bbox 238 2260 1696 2308; baseline -0.003 -10"><span class='ocrx_word' id='word_1_360' title='bbox 238 2264 355 2298; x_wconf 73' lang='lat' dir='ltr'>NOV.</span> <span class='ocrx_word' id='word_1_361' title='bbox 393 2282 435 2288; x_wconf 95' lang='lat'><strong>—</strong></span> <span class='ocrx_word' id='word_1_362' title='bbox 471 2265 565 2297; x_wconf 72' lang='lat' dir='ltr'>alter</span> <span class='ocrx_word' id='word_1_363' title='bbox 591 2264 755 2306; x_wconf 75' lang='lat' dir='ltr'>(Nicias)</span> <span class='ocrx_word' id='word_1_364' title='bbox 781 2266 894 2308; x_wconf 74' lang='lat' dir='ltr'>Arist.</span> <span class='ocrx_word' id='word_1_365' title='bbox 930 2262 961 2295; x_wconf 74' lang='grc' dir='ltr'><strong>ἠ.</strong></span> <span class='ocrx_word' id='word_1_366' title='bbox 989 2262 1131 2307; x_wconf 54' lang='grc' dir='ltr'><em>ὀβελ,</em></span> <span class='ocrx_word' id='word_1_367' title='bbox 1171 2264 1240 2296; x_wconf 82' lang='lat' dir='ltr'>der</span> <span class='ocrx_word' id='word_1_368' title='bbox 1267 2263 1422 2296; x_wconf 81' lang='lat' dir='ltr'>Andere</span> <span class='ocrx_word' id='word_1_369' title='bbox 1456 2261 1587 2295; x_wconf 76' lang='lat' dir='ltr'>macht</span> <span class='ocrx_word' id='word_1_370' title='bbox 1619 2260 1696 2294; x_wconf 63' lang='lat' dir='ltr'>wite</span> 
     </span>
     <span class='ocr_line' id='line_1_42' title="bbox 239 2309 1697 2357; baseline -0.003 -11"><span class='ocrx_word' id='word_1_371' title='bbox 239 2312 304 2347; x_wconf 86' lang='lat' dir='ltr'>ein</span> <span class='ocrx_word' id='word_1_372' title='bbox 340 2312 543 2351; x_wconf 79' lang='lat' dir='ltr'>Aristarch</span> <span class='ocrx_word' id='word_1_373' title='bbox 581 2311 781 2351; x_wconf 79' lang='lat' dir='ltr'>(Kritiker</span> <span class='ocrx_word' id='word_1_374' title='bbox 820 2312 881 2345; x_wconf 87' lang='lat' dir='ltr'>des</span> <span class='ocrx_word' id='word_1_375' title='bbox 919 2311 1102 2351; x_wconf 79' lang='lat' dir='ltr'>Homers)</span> <span class='ocrx_word' id='word_1_376' title='bbox 1140 2311 1331 2344; x_wconf 74' lang='lat' dir='ltr'>kritische</span> <span class='ocrx_word' id='word_1_377' title='bbox 1370 2309 1697 2357; x_wconf 81' lang='lat' dir='ltr'>Einwendungen</span> 
     </span>
     <span class='ocr_line' id='line_1_43' title="bbox 238 2358 1399 2408; baseline -0.003 -14"><span class='ocrx_word' id='word_1_378' title='bbox 238 2371 365 2408; x_wconf 74' lang='lat' dir='ltr'>geg-en</span> <span class='ocrx_word' id='word_1_379' title='bbox 395 2360 512 2398; x_wconf 81' lang='lat' dir='ltr'>deren</span> <span class='ocrx_word' id='word_1_380' title='bbox 540 2359 760 2399; x_wconf 68' lang='lat' dir='ltr'>Aechthait,</span> <span class='ocrx_word' id='word_1_381' title='bbox 788 2378 836 2383; x_wconf 95' lang='lat'><strong>—</strong></span> <span class='ocrx_word' id='word_1_382' title='bbox 862 2359 1029 2405; x_wconf 59' lang='grc' dir='ltr'><em>παρεμβ,</em></span> <span class='ocrx_word' id='word_1_383' title='bbox 1055 2358 1399 2405; x_wconf 70' lang='lat' dir='ltr'>untergeschoben.</span> 
     </span>
    </p>

    <p class='ocr_par' dir='ltr' id='par_1_10' title="bbox 239 2404 1703 2741">
     <span class='ocr_line' id='line_1_44' title="bbox 335 2404 1698 2443; baseline -0.003 -1"><span class='ocrx_word' id='word_1_384' title='bbox 335 2409 368 2443; x_wconf 87' lang='lat'>2.</span> <span class='ocrx_word' id='word_1_385' title='bbox 420 2407 512 2441; x_wconf 71' lang='lat' dir='ltr'>Puto</span> <span class='ocrx_word' id='word_1_386' title='bbox 539 2420 644 2441; x_wconf 81' lang='lat' dir='ltr'>nunc,</span> <span class='ocrx_word' id='word_1_387' title='bbox 686 2408 815 2441; x_wconf 81' lang='lat' dir='ltr'>Lamb.</span> <span class='ocrx_word' id='word_1_388' title='bbox 856 2406 945 2440; x_wconf 77' lang='lat' dir='ltr'>seh.</span> <span class='ocrx_word' id='word_1_389' title='bbox 983 2407 1080 2442; x_wconf 76' lang='lat' dir='ltr'>Liin,</span> <span class='ocrx_word' id='word_1_390' title='bbox 1133 2406 1224 2439; x_wconf 57' lang='lat' dir='ltr'>Puto</span> <span class='ocrx_word' id='word_1_391' title='bbox 1262 2413 1296 2439; x_wconf 76' lang='lat' dir='ltr'>te</span> <span class='ocrx_word' id='word_1_392' title='bbox 1331 2419 1424 2440; x_wconf 79' lang='lat' dir='ltr'>nunc</span> <span class='ocrx_word' id='word_1_393' title='bbox 1457 2413 1592 2441; x_wconf 83' lang='lat' dir='ltr'>contra</span> <span class='ocrx_word' id='word_1_394' title='bbox 1620 2404 1698 2438; x_wconf 78' lang='lat' dir='ltr'>Md.</span> 
     </span>
     <span class='ocr_line' id='line_1_45' title="bbox 243 2455 1697 2501; baseline -0.003 -12"><span class='ocrx_word' id='word_1_395' title='bbox 243 2457 315 2490; x_wconf 87' lang='lat' dir='ltr'>OR.</span> <span class='ocrx_word' id='word_1_396' title='bbox 343 2475 390 2480; x_wconf 96' lang='lat'><strong>—</strong></span> <span class='ocrx_word' id='word_1_397' title='bbox 416 2468 503 2500; x_wconf 75' lang='lat' dir='ltr'>quos</span> <span class='ocrx_word' id='word_1_398' title='bbox 529 2470 589 2501; x_wconf 79' lang='lat' dir='ltr'>ap.</span> <span class='ocrx_word' id='word_1_399' title='bbox 618 2455 684 2496; x_wconf 87' lang='lat' dir='ltr'>N.‚</span> <span class='ocrx_word' id='word_1_400' title='bbox 726 2456 788 2488; x_wconf 88' lang='lat' dir='ltr'>die</span> <span class='ocrx_word' id='word_1_401' title='bbox 816 2457 875 2488; x_wconf 78' lang='lat' dir='ltr'>Du</span> <span class='ocrx_word' id='word_1_402' title='bbox 904 2455 975 2494; x_wconf 76' lang='lat' dir='ltr'>mit</span> <span class='ocrx_word' id='word_1_403' title='bbox 1013 2456 1093 2499; x_wconf 84' lang='lat' dir='ltr'>mir</span> <span class='ocrx_word' id='word_1_404' title='bbox 1126 2455 1227 2488; x_wconf 86' lang='lat' dir='ltr'>heim</span> <span class='ocrx_word' id='word_1_405' title='bbox 1256 2456 1303 2488; x_wconf 93' lang='lat' dir='ltr'>N.</span> <span class='ocrx_word' id='word_1_406' title='bbox 1339 2455 1627 2488; x_wconf 73' lang='lat' dir='ltr'>schmausetest.</span> <span class='ocrx_word' id='word_1_407' title='bbox 1656 2472 1697 2478; x_wconf 92' lang='lat'>—</span> 
     </span>
     <span class='ocr_line' id='line_1_46' title="bbox 239 2500 1701 2548; baseline -0.003 -11"><span class='ocrx_word' id='word_1_408' title='bbox 239 2505 262 2547; x_wconf 83' lang='lat'>†</span> <span class='ocrx_word' id='word_1_409' title='bbox 291 2506 467 2537; x_wconf 72' lang='lat' dir='ltr'>cularum.</span> <span class='ocrx_word' id='word_1_410' title='bbox 512 2504 578 2538; x_wconf 87' lang='lat' dir='ltr'>Sic</span> <span class='ocrx_word' id='word_1_411' title='bbox 604 2510 786 2548; x_wconf 79' lang='lat' dir='ltr'>corrupte</span> <span class='ocrx_word' id='word_1_412' title='bbox 810 2503 881 2538; x_wconf 78' lang='lat' dir='ltr'>Md,</span> <span class='ocrx_word' id='word_1_413' title='bbox 909 2506 1127 2548; x_wconf 75' lang='lat' dir='ltr'>sqccillarcem</span> <span class='ocrx_word' id='word_1_414' title='bbox 1153 2502 1498 2543; x_wconf 80' lang='lat' dir='ltr'>(Taschenkrebse,</span> <span class='ocrx_word' id='word_1_415' title='bbox 1526 2500 1701 2545; x_wconf 85' lang='lat' dir='ltr'>Seespin-</span> 
     </span>
     <span class='ocr_line' id='line_1_47' title="bbox 240 2550 1698 2596; baseline -0.001 -12"><span class='ocrx_word' id='word_1_416' title='bbox 240 2564 329 2591; x_wconf 80' lang='lat' dir='ltr'>nen,</span> <span class='ocrx_word' id='word_1_417' title='bbox 357 2552 508 2587; x_wconf 85' lang='lat' dir='ltr'>Cancer</span> <span class='ocrx_word' id='word_1_418' title='bbox 533 2550 802 2596; x_wconf 70' lang='lat' dir='ltr'>pinnothereS.</span> <span class='ocrx_word' id='word_1_419' title='bbox 855 2551 890 2585; x_wconf 84' lang='lat' dir='ltr'>S.</span> <span class='ocrx_word' id='word_1_420' title='bbox 920 2552 966 2584; x_wconf 79' lang='lat' dir='ltr'>&lt;lc</span> <span class='ocrx_word' id='word_1_421' title='bbox 994 2551 1142 2587; x_wconf 83' lang='lat' dir='ltr'>Finihb.</span> <span class='ocrx_word' id='word_1_422' title='bbox 1171 2551 1221 2591; x_wconf 87' lang='lat'>11,</span> <span class='ocrx_word' id='word_1_423' title='bbox 1248 2554 1282 2589; x_wconf 84' lang='lat'>8,</span> <span class='ocrx_word' id='word_1_424' title='bbox 1308 2554 1366 2585; x_wconf 57' lang='lat'>251.</span> <span class='ocrx_word' id='word_1_425' title='bbox 1401 2551 1446 2584; x_wconf 85' lang='lat' dir='ltr'>de</span> <span class='ocrx_word' id='word_1_426' title='bbox 1473 2551 1558 2584; x_wconf 87' lang='lat' dir='ltr'>Nat.</span> <span class='ocrx_word' id='word_1_427' title='bbox 1586 2550 1698 2582; x_wconf 85' lang='lat' dir='ltr'>Deor.</span> 
     </span>
     <span class='ocr_line' id='line_1_48' title="bbox 239 2597 1698 2639; baseline -0.002 -7"><span class='ocrx_word' id='word_1_428' title='bbox 239 2599 289 2639; x_wconf 86' lang='lat'>11,</span> <span class='ocrx_word' id='word_1_429' title='bbox 316 2602 392 2639; x_wconf 62' lang='grc'><strong>48.)</strong></span> <span class='ocrx_word' id='word_1_430' title='bbox 431 2600 476 2633; x_wconf 91' lang='lat' dir='ltr'>de</span> <span class='ocrx_word' id='word_1_431' title='bbox 504 2600 672 2633; x_wconf 89' lang='lat' dir='ltr'>Gronov.</span> <span class='ocrx_word' id='word_1_432' title='bbox 711 2599 813 2634; x_wconf 83' lang='lat' dir='ltr'>coni.</span> <span class='ocrx_word' id='word_1_433' title='bbox 848 2599 944 2632; x_wconf 86' lang='lat' dir='ltr'>Lall.</span> <span class='ocrx_word' id='word_1_434' title='bbox 981 2601 1077 2634; x_wconf 65' lang='grc' dir='ltr'><strong>ΕΝ).</strong></span> <span class='ocrx_word' id='word_1_435' title='bbox 1111 2599 1250 2634; x_wconf 85' lang='lat' dir='ltr'>Bened.</span> <span class='ocrx_word' id='word_1_436' title='bbox 1283 2599 1374 2633; x_wconf 86' lang='lat' dir='ltr'>Sch.</span> <span class='ocrx_word' id='word_1_437' title='bbox 1410 2600 1506 2631; x_wconf 79' lang='lat' dir='ltr'>Liin.</span> <span class='ocrx_word' id='word_1_438' title='bbox 1559 2597 1698 2630; x_wconf 77' lang='lat' dir='ltr'>Placet.</span> 
     </span>
     <span class='ocr_line' id='line_1_49' title="bbox 240 2645 1701 2693; baseline -0.001 -14"><span class='ocrx_word' id='word_1_439' title='bbox 240 2647 466 2681; x_wconf 74' lang='lat' dir='ltr'>cochlearum</span> <span class='ocrx_word' id='word_1_440' title='bbox 493 2647 582 2681; x_wconf 83' lang='lat' dir='ltr'>Cdd.</span> <span class='ocrx_word' id='word_1_441' title='bbox 611 2648 706 2691; x_wconf 80' lang='lat' dir='ltr'>aliq.</span> <span class='ocrx_word' id='word_1_442' title='bbox 730 2649 960 2693; x_wconf 69' lang='lat' dir='ltr'>gallinarum</span> <span class='ocrx_word' id='word_1_443' title='bbox 986 2648 1115 2683; x_wconf 70' lang='lat' dir='ltr'>bamb.</span> <span class='ocrx_word' id='word_1_444' title='bbox 1149 2648 1223 2680; x_wconf 78' lang='grc' dir='ltr'><strong>ΟΒ.</strong></span> <span class='ocrx_word' id='word_1_445' title='bbox 1249 2666 1297 2671; x_wconf 85' lang='lat'><em>-</em></span> <span class='ocrx_word' id='word_1_446' title='bbox 1328 2660 1408 2680; x_wconf 75' lang='lat' dir='ltr'>cum</span> <span class='ocrx_word' id='word_1_447' title='bbox 1432 2646 1560 2690; x_wconf 79' lang='lat' dir='ltr'>sophia</span> <span class='ocrx_word' id='word_1_448' title='bbox 1585 2645 1701 2690; x_wconf 65' lang='lat' dir='ltr'>Septi&lt;</span> 
     </span>
     <span class='ocr_line' id='line_1_50' title="bbox 240 2693 1703 2741; baseline -0.002 -11"><span class='ocrx_word' id='word_1_449' title='bbox 240 2708 331 2731; x_wconf 76' lang='lat' dir='ltr'>mac.</span> <span class='ocrx_word' id='word_1_450' title='bbox 383 2695 449 2730; x_wconf 80' lang='lat' dir='ltr'>Sic</span> <span class='ocrx_word' id='word_1_451' title='bbox 484 2695 562 2730; x_wconf 84' lang='lat' dir='ltr'>Md.</span> <span class='ocrx_word' id='word_1_452' title='bbox 602 2695 705 2730; x_wconf 79' lang='lat' dir='ltr'>Crat.</span> <span class='ocrx_word' id='word_1_453' title='bbox 747 2696 848 2732; x_wconf 87' lang='lat' dir='ltr'>Vict.</span> <span class='ocrx_word' id='word_1_454' title='bbox 887 2699 917 2731; x_wconf 88' lang='lat'>1.</span> <span class='ocrx_word' id='word_1_455' title='bbox 950 2698 983 2732; x_wconf 90' lang='lat'>2.</span> <span class='ocrx_word' id='word_1_456' title='bbox 1017 2695 1154 2732; x_wconf 86' lang='lat' dir='ltr'>Bened.</span> <span class='ocrx_word' id='word_1_457' title='bbox 1190 2707 1270 2730; x_wconf 83' lang='lat' dir='ltr'>cum</span> <span class='ocrx_word' id='word_1_458' title='bbox 1306 2699 1407 2741; x_wconf 78' lang='lat' dir='ltr'>sepia</span> <span class='ocrx_word' id='word_1_459' title='bbox 1449 2693 1703 2738; x_wconf 80' lang='lat' dir='ltr'>(Blackfisch)</span> 
     </span>
    </p>
   </div>
  </div>
 </body>
</html>
