1795 3081
542 39 863 90 EPISTOLA
898 39 1081 90 DLIV.
1445 42 1540 89 281

87 163 173 204 Sed
201 170 344 205 tamen
373 162 507 204 iidem
532 175 602 202 me
627 162 931 202 consolantur.
973 163 1105 201 etiam
1141 161 1362 201 hominem
1390 160 1586 215 perus-2

87 226 198 269 turn,
227 222 461 258 etiamnum
485 218 640 281 gloria
650 218 806 256 volunt
819 215 1052 255 incendere
1066 222 1194 280 atque
1212 219 1273 256 ita
1290 218 1546 270 loquuntur:

198 272 279 329 HJJ]
310 271 414 339 μὰν
423 267 640 349 ἆσποιδιόεί
668 286 714 324 γε
743 268 819 311 καὶ
850 265 1039 318 ἆκ2ειιῦς
1067 266 1331 338 ἀπολώμην,

194 309 328 370 {Amce
358 325 468 381 μέγα
480 324 626 392 ,ῥέξας
653 341 698 366 τι
726 323 801 365 καὶ
829 323 1148 376 ἐσσομένοισι
1138 324 1386 367 πυθέσθαι.

88 382 177 424 Sed
205 398 274 424 me
304 386 446 423 minus
476 384 560 422 iam
590 388 782 427 movent,
822 388 873 420 ut
902 381 1038 421 vides.
1096 381 1250 434 Itaque
1279 381 1332 421 ab
1363 382 1549 422 Homeri

90 440 465 494 magniloquentia
494 437 674 477 confero
705 450 772 476 me
801 436 856 475 ad
885 450 992 476 vera
1024 443 1257 500 praecepta
1285 431 1546 491 Εὐριπίδου.

201 494 341 535 Illaec&
370 506 599 548 σοφιστην,
631 487 752 539 ὅστις
783 486 859 541 οἰχ
890 487 1008 543 αὕτη
1039 486 1192 545 σοφός.

91 550 229 589 Ouem
258 562 434 589 versum
464 561 591 588 senex
612 547 855 586 Praecilius
885 545 1033 593 laudat
1064 547 1236 601 egregie
1266 553 1310 587 et
1339 549 1400 587 ait
1426 561 1550 602 posse

94 604 278 645 eundem
305 610 348 644 et
376 599 466 654 ἅμα
495 597 678 658 πρόσσω
709 599 785 642 καὶ
814 595 987 642 επίσσω
1017 576 1190 643 videre,³
1196 609 1240 642 et
1266 608 1410 643 tamen
1434 602 1550 643 nihi-

94 661 286 700 lominus

198 711 317 754 Αἶὲν
345 707 592 767 ἆριστευειν
620 727 694 752 και
724 707 962 765 ὗπείοοχον
991 707 1176 764 ἔμιιεναι
1207 705 1363 752 ἄλλων.

92 768 193 819 Sed,
224 775 273 808 ut
301 767 475 808 redeam
505 767 561 807 ad
589 767 646 814 id,
677 767 792 806 unde
822 769 969 821 coepi:
1004 767 1286 808 vehementer
1313 768 1423 807 mihi
1452 771 1591 823 gra-3

91 832 186 865 tum
217 825 395 874 feceris,
439 825 475 862 si
503 825 622 863 hunc
651 822 965 862 adolescentem
994 824 1266 863 humanitate
1295 829 1395 874 tua,
1439 837 1552 877 quae

92 887 157 920 est
193 880 450 935 singularis,
492 878 874 932 co1np1ehenderis
914 885 957 918 et
995 878 1050 918 ad
1086 876 1149 924 id,
1197 877 1314 931 quod
1353 880 1553 931 ipsorum

92 956 172 990 315.
224 954 297 995 „So
333 953 434 987 denn
468 954 664 986 umhullte
698 954 910 989 schwarzes
938 954 1222 1002 Nebelgewb’lk
1256 954 1388 987 meine
1414 953 1554 987 Seele‘·

95 1002 129 1035 d.
156 1003 179 1036 i.
207 1013 244 1035 so
271 1002 440 1035 verirrte
467 1001 533 1034 ich
560 1002 666 1035 mich
704 1003 806 1035 denn
845 1002 1072 1036 verblendet
1107 1014 1180 1035 zur
1206 1001 1554 1046 Pompeianischen

95 1050 234 1083 Partei.
284 1048 421 1082 Cicero
449 1049 618 1083 erkennt
655 1051 790 1083 §einen
818 1049 994 1083 lrrthum
1029 1062 1089 1084 an.
1142 1051 1245 1083 Haec
1271 1052 1316 1090 ὡς
1407 1050 1554 1083 aglaum

93 1104 181 1142 post
207 1099 347 1131 ἔπειθεν
374 1102 508 1130 contra
534 1097 610 1130 Md.
638 1103 897 1142 transponunt
923 1097 1023 1131 Vict.
1051 1101 1082 1131 1.
1109 1098 1205 1133 Ern.
1233 1098 1320 1131 Sch.
1348 1096 1443 1130 Liin.
1476 1097 1553 1130 ΟΒ.

94 1145 197 1179 Aber
234 1156 270 1178 es
304 1144 405 1192 folgt
439 1145 572 1192 gleich
610 1147 721 1179 iidem
758 1157 814 1179 me
853 1147 1084 1180 consolantur
1124 1146 1167 1178 in
1193 1146 1322 1193 Bezug
1357 1146 1425 1177 auf
1446 1145 1552 1179 seine

93 1192 330 1239 Verirrung·‚

191 1242 224 1274 2.
276 1241 404 1280 iidem,
445 1239 513 1284 qui
549 1240 720 1275 irridere
754 1248 870 1286 atque
904 1242 1111 1290 obiurgare
1146 1252 1209 1274 me
1243 1241 1350 1275 soliti
1378 1247 1479 1275 sunt.
1507 1258 1553 1267 —

93 1294 280 1333 perustum
308 1289 332 1321 i.
360 1300 392 1321 e.
422 1289 489 1332 qui
515 1296 677 1333 propter
704 1289 859 1323 inanem
882 1290 1051 1336 gloriam
1079 1291 1264 1323 damnum
1292 1290 1436 1334 accepi.
1488 1287 1555 1323 Sic

96 1339 280 1371 ambustus
307 1337 408 1371 Orat.
434 1336 574 1369 Milon.
602 1348 633 1370 c.
659 1338 680 1371 5
708 1338 854 1370 dicitur
880 1338 926 1371 de
954 1349 1016 1377 e0,
1044 1338 1112 1382 qui
1142 1349 1188 1371 ex
1214 1337 1361 1371 iudicio
1391 1337 1555 1382 capitali

96 1386 164 1418 vix
191 1385 313 1418 evasit
341 1390 377 1417 et
404 1395 491 1416 cum
518 1385 642 1418 famae
671 1385 917 1420 detrimento
963 1385 1101 1419 Cicero
1129 1385 1253 1432 igitur
1279 1385 1475 1440 significat
1501 1396 1554 1427 se,

97 1443 217 1476 quum
246 1433 353 1465 inter
379 1443 486 1464 arma
508 1433 682 1477 Pompeii
710 1439 746 1466 et
766 1433 937 1466 Caesaris
965 1433 1099 1466 civilia
1127 1434 1326 1476 quiescere
1353 1433 1555 1477 potuisset,

94 1485 225 1513 tamen
259 1479 370 1512 inani
409 1479 537 1526 gloria
572 1479 728 1513 ductum
762 1482 1012 1525 Pompeianas
1050 1485 1178 1526 partes
1216 1481 1413 1524 sequendo
1453 1480 1555 1514 male

95 1527 275 1561 affectum
310 1526 437 1560 fuisse.
492 1527 591 1562 SCH.
628 1547 674 1553 —
709 1531 834 1562 volunt
860 1530 1044 1562 incendere
1070 1529 1094 1563 i.
1123 1539 1153 1561 e.
1189 1528 1347 1561 vocibus
1382 1528 1456 1561 suis
1490 1539 1554 1562 me

95 1585 359 1614 commovere,
385 1581 430 1609 ut
449 1574 610 1608 Romam
645 1577 801 1609 veniam
831 1584 867 1609 et
891 1577 932 1608 in
961 1583 1095 1610 senatu
1115 1577 1280 1618 foroque
1301 1587 1359 1609 res
1377 1576 1555 1620 publicas

94 1629 273 1656 tractem.
302 1622 392 1656 Vid.
410 1634 466 1667 ep.
489 1623 620 1665 DXLI,
640 1627 671 1658 1.
700 1624 947 1664 DXXXVIII,
965 1626 999 1658 5.
1041 1624 1171 1665 „Aber
1189 1623 1386 1657 dieselben
1403 1624 1555 1657 tro'sten

96 1670 205 1704 mich
232 1670 327 1704 ietzt
352 1670 432 1703 und
459 1671 622 1704 wollten
649 1683 759 1719 sog-ar
787 1672 900 1705 einen
926 1671 1063 1713 Mann,
1102 1671 1173 1704 der
1198 1670 1282 1703 sich
1308 1670 1429 1704 sehon
1456 1683 1556 1719 ganz

96 1718 313 1751 verbrannt
344 1717 432 1759 hat,
475 1718 575 1751 auch
610 1721 704 1753 ietzt
736 1719 885 1753 wieder
916 1720 996 1753 und
1030 1718 1248 1753 abermahls
1287 1718 1413 1752 durch
1448 1719 1556 1753 eit'le

95 1765 315 1813 Ruhmgier
349 1765 391 1799 in
423 1766 550 1799 Brand
583 1768 778 1801 stecken.“
829 1771 953 1802 etiam.
987 1766 1052 1800 Sic
1084 1766 1160 1801 Md.
1198 1767 1301 1800 Crat.
1334 1767 1433 1801 Vict.
1462 1770 1494 1801 1.
1519 1768 1555 1801 2.

95 1813 226 1846 Lamb.
255 1814 393 1847 Bened.
443 1819 477 1847 et
502 1817 577 1847 iam
603 1815 742 1849 Graev.
770 1815 868 1849 Ern.
896 1821 930 1849 et
954 1815 1042 1849 sch.
1069 1815 1164 1849 L'un.
1192 1817 1390 1848 etiamnum
1415 1816 1555 1859 gloria.

96 1860 162 1895 Sic
194 1861 269 1894 Md.
307 1862 406 1895 Vict.
441 1864 474 1895 1.
510 1864 544 1897 2.
579 1862 717 1896 Graev.
752 1863 896 1896 Bened.
943 1868 1133 1907 perustum
1175 1867 1209 1895 et
1242 1865 1390 1896 inanem
1431 1865 1557 1908 gloria

95 1909 175 1942 Bas.
204 1908 304 1941 Crat.
327 1915 528 1954 perustum,
556 1913 662 1943 inani
680 1913 805 1956 gloria
831 1911 959 1944 Lamb.
980 1912 1075 1945 Ern.
1103 1916 1136 1944 et
1156 1909 1348 1952 hominem,
1376 1912 1453 1943 iam
1473 1923 1558 1955 per-

97 1961 218 1990 ustum
246 1959 351 1990 inani
372 1960 511 2002 gloria,
538 1961 741 1992 etiamnum
765 1960 895 1992 volant
920 1960 966 1992 de
992 1958 1077 1993 Sch.
1107 1958 1208 1991 coni.
1234 1958 1332 1992 Liin.
1365 1959 1557 1994 ORELLI.

97 2023 139 2030 —
167 2004 230 2046 M2j
258 2028 267 2037 .
297 2030 305 2038 .
336 2030 344 2038 .
371 2006 570 2050 ἀπολοίμην
597 2020 628 2040 κ.
652 2021 681 2041 τ.
708 2009 740 2041 λ.
769 2006 968 2040 Versiculi
1002 2012 1091 2040 sunt
1110 2006 1273 2039 Homeri
1298 2006 1411 2039 lliad.
1439 2006 1556 2046 XXII,

95 2055 165 2088 30‘1.
192 2063 260 2095 sq„
288 2052 354 2085 ubi
382 2063 443 2086 eos
469 2055 614 2087 Hector
639 2055 889 2099 pronuntiat:
928 2067 970 2088 ne
995 2056 1222 2100 negligenter
1246 2054 1288 2094 (i.
1316 2065 1346 2087 e.
1376 2054 1486 2087 nulla
1512 2066 1556 2088 re

94 2100 295 2144 praeclara
321 2103 444 2146 gesta)
472 2107 505 2135 et
534 2104 611 2135 sine
636 2105 760 2148 gloria
782 2114 948 2147 peream,
975 2104 1038 2135 sed
1059 2115 1197 2148 magno
1223 2104 1347 2146 aliquo
1374 2103 1471 2135 edito
1488 2102 1556 2146 fa-

94 2150 214 2181 cinare
248 2153 282 2181 et
320 2149 369 2180 ad
395 2152 653 2193 posteritatem
685 2151 1008 2184 commemorando.
1045 2169 1092 2174 —
1140 2155 1180 2183 ut
1212 2151 1330 2191 vides,
1369 2150 1554 2193 quoniam

95 2206 252 2240 prorsus
280 2195 449 2230 abstineo
474 2198 643 2242 publicis
670 2199 852 2245 negotiis.
903 2198 1006 2230 SCH.
1036 2218 1078 2223 —
1105 2199 1212 2232 Μισῶ
1238 2224 1246 2231 .
1274 2223 1283 2231 .
1313 2223 1322 2230 .
1349 2195 1475 2242 σοφός,
1501 2210 1556 2230 sa-

95 2243 270 2287 pientem
298 2244 375 2285 odi,
404 2244 471 2288 qui
498 2245 569 2278 sibi
604 2247 686 2291 ipse
722 2257 801 2279 non
836 2246 944 2290 sapit.
996 2246 1066 2279 Est
1090 2245 1306 2279 versiculus
1334 2256 1380 2277 ex
1407 2245 1556 2279 incerta

95 2290 297 2334 Euripidis
324 2292 532 2349 tragoedia.
559 2312 605 2318 —
629 2306 744 2334 senex,
772 2301 891 2338 pater.
920 2312 966 2318 -
1004 2295 1151 2328 eundem
1177 2293 1308 2338 σοφὼ,
1342 2291 1437 2333 ὅστις
1464 2293 1557 2338 αὐτῷ

95 2350 220 2382 Οθφθς·
247 2358 294 2364 -
320 2338 394 2384 ἇαα
419 2367 426 2374 .
455 2367 463 2375 .
490 2340 796 2381 0n100oe‚futura
823 2348 861 2375 et
888 2342 1099 2385 praeterita
1124 2341 1344 2387 pervidere,
1370 2341 1472 2384 quod
1500 2346 1556 2374 est

94 2385 338 2431 prudentiae.
386 2387 488 2422 SCH.
531 2390 592 2422 Ex
619 2391 776 2423 Homer.
813 2389 924 2423 Iliad.
954 2391 985 2430 Ι,
1011 2392 1090 2424 343.
1130 2408 1176 2414 -
1224 2392 1306 2423 Ale-1
1423 2387 1553 2428 ἄλλωι,

93 2445 231 2477 semper
248 2433 407 2478 fortiter
432 2449 539 2482 agere
566 2442 600 2470 ct
625 2439 712 2471 aliis
735 2442 935 2482 praestare.
964 2437 1025 2469 Ex
1052 2438 1211 2470 Homer.
1239 2435 1354 2469 Iliad.
1381 2435 1553 2475 Χ1,784.

94 2481 233 2515 Cicero
272 2482 430 2515 videtur
464 2485 658 2529 respicere
695 2484 884 2532 gloriam,
935 2496 1049 2528 quam
1084 2485 1159 2518 sibi
1196 2495 1284 2517 cum
1310 2484 1480 2516 maxime
1509 2495 1554 2517 ex

96 2528 209 2561 libris
232 2528 518 2574 philosophicis
544 2533 713 2576 parabat.
757 2532 857 2565 SCH.
903 2531 1038 2566 Cicero
1060 2531 1327 2577 entschuldigt
1348 2530 1432 2563 sich
1449 2530 1554 2564 beim

95 2574 226 2614 Casan,
255 2576 356 2610 ohne
383 2577 467 2611 sich
494 2581 802 2626 wegzuwexfen‚
837 2580 916 2612 und
944 2587 1027 2626 sag-t
1052 2580 1135 2612 ihm
1163 2579 1303 2614 Worte
1330 2578 1459 2612 voller
1485 2579 1554 2612 Be-

95 2622 294 2671 deutung,
322 2624 386 2658 die
413 2637 455 2659 er
480 2638 540 2658 am
567 2627 678 2660 Ende
706 2627 770 2660 des
796 2627 921 2660 Briefs
946 2627 1095 2661 wieder
1120 2625 1392 2660 iiberzuckert.

188 2673 220 2706 3.
273 2674 593 2716 comprehenderis,
622 2675 846 2719 complexus
872 2675 1006 2717 fueris,
1035 2674 1318 2720 complectaris.
1346 2671 1384 2707 S.
1401 2671 1554 2707 Ramsh.
