1795 3081
520 52 839 102 EPISTOLA
878 51 1189 101 CCCCLIII.
1493 53 1585 98 111

119 179 239 217 satis,
302 175 405 216 Huc
444 190 604 216 aurum
642 175 679 214 si
716 173 908 214 accedit:
935 204 944 212 .
972 205 980 212 .
1014 174 1088 213 sed
1129 174 1235 227 quid
1274 174 1467 226 loquor?
1515 173 1587 212 Tu

118 233 306 273 videbis.
388 231 538 271 Habes
590 231 809 285 Hegesiae
854 242 1004 285 genus,
1059 229 1176 281 quod
1224 230 1374 268 Varro
1420 227 1585 267 laudat.

117 288 266 328 Venio
298 286 352 326 ad
383 287 729 339 Tyrannionem.
795 284 890 323 Ain‘
921 287 998 323 tu?
1035 298 1191 323 verum
1222 285 1306 324 hoe
1336 285 1448 324 fuit?
1493 284 1587 321 sine

117 347 223 384 me?
264 342 321 383 At
352 356 431 398 ego
463 343 650 394 quoties,
682 354 817 393 quum
847 353 982 379 essem
1013 341 1194 389 otiosus,
1235 342 1328 380 sine
1368 346 1412 379 te
1442 345 1588 378 tamen

118 397 277 439 nolui?
327 397 422 449 Quo
452 397 583 436 modo
615 397 698 434 hoc
729 409 835 450 ergo
868 396 988 433 lues?
1041 395 1137 433 Uno
1177 397 1361 439 scilieet,
1403 395 1439 433 si
1476 393 1588 432 mihi

119 456 284 493 librum
316 454 515 491 miseris:
563 451 680 504 quod
710 457 760 489 ut
794 452 943 500 facias,
974 451 1106 489 etiam
1137 457 1266 502 atque
1298 453 1429 490 etiam
1461 462 1586 504 rogo.

116 511 209 548 Etsi
239 522 307 549 me
338 521 426 546 non
456 509 595 562 magis
629 508 744 545 liber
774 507 866 558 ipse
898 505 1151 555 delectabit,
1183 519 1311 557 quam
1341 512 1415 544 tua
1446 504 1586 544 adrni-

118 566 234 604 ratio
290 563 540 602 delectavit.
629 561 739 600 Amo
787 563 904 600 euim
948 556 1091 601 πάντα
1135 555 1405 615 φιλόῶιμιιοντ
1456 567 1589 612 teque

118 622 248 659 istam
287 625 375 657 tam
414 624 591 656 tenuem
627 614 826 671 θεωρίαν
874 622 964 655 tam
1013 615 1142 655 valde
1185 615 1450 654 admiratum
1494 628 1589 655 esse

117 674 299 731 gaudeo.
359 674 452 711 Etsi
490 679 565 712 tua
605 671 783 724 quidem
825 678 927 711 sunt
970 671 1186 711 eiusmodi
1227 672 1387 710 omnia.
1459 670 1588 710 Scire

116 732 232 770 enim
262 731 345 778 vis,
377 742 462 781 quo
492 741 580 767 uno
612 729 783 766 animus
811 728 962 767 alitur.
1031 726 1132 778 Sed,
1177 740 1353 780 quaeso,
1398 726 1503 778 quid
1534 740 1589 764 ex·

115 787 199 826 ista
229 790 360 824 acuta
389 791 434 823 et
463 784 592 839 gravi
623 785 821 822 refertur
850 783 905 822 ad
945 781 1103 831 τέλοςῖ
1148 781 1236 822 Sed
1270 783 1402 837 longa
1440 783 1588 820 oratio

113 932 235 968 seh'aeift
262 932 419 967 endlich
451 932 756 980 abgeschlossen.
791 951 839 957 —
874 946 945 966 non
972 936 1066 966 novi.
1102 931 1138 965 S.
1166 944 1213 964 zu
1241 944 1299 976 ep.
1327 934 1408 971 449,
1436 933 1478 966 2:
1521 943 1588 977 ego

113 984 211 1016 nihil
242 985 337 1016 novi.
372 999 418 1006 —-
456 984 493 1014 in
521 983 661 1014 cozhelm
699 980 777 1023 (Sic
804 981 876 1014 Md.
904 981 987 1017 Bos.
1014 981 1107 1024 Sqq.
1134 991 1182 1011 z:
1209 982 1346 1025 collybo
1375 980 1492 1019 Cett.)
1534 985 1588 1013 est

113 1032 257 1064 detritu.
292 1035 378 1069 sat,
422 1029 512 1062 aber
544 1041 633 1061 man
665 1028 829 1062 verliert
863 1027 963 1062 doch
1005 1028 1123 1062 sehon
1157 1040 1288 1077 geuug
1320 1041 1380 1061 am
1415 1027 1587 1075 Ausgeld

112 1079 258 1124 (Ag-io).
289 1099 330 1104 —
364 1079 445 1111 Huc
471 1090 602 1110 aurum
627 1080 661 1110 si
685 1079 826 1110 accedit
857 1077 938 1110 scil.
974 1076 1261 1117 adulterinum3
1304 1081 1340 1110 et
1366 1076 1586 1109 subintelli-

113 1126 309 1174 gendum:
338 1125 456 1158 nimis
482 1136 665 1172 magnum
692 1125 873 1157 damnum
900 1125 1097 1169 accipiam.
1129 1126 1229 1158 SCH.
1257 1144 1302 1150 —
1329 1126 1392 1159 sed
1416 1126 1504 1170 quid
1529 1127 1586 1158 lo-

52 1184 60 1188 ·
114 1187 217 1220 quor,
243 1172 342 1206 (loch
366 1173 461 1208 vvas
488 1172 668 1206 schwatz'
696 1172 760 1205 ich
788 1173 860 1205 da?
902 1172 985 1219 Ego
1013 1173 1152 1206 videor
1189 1184 1310 1217 paene
1347 1173 1485 1207 oblitus
1522 1184 1584 1206 me

114 1233 228 1269 agere
263 1233 351 1254 cum
386 1221 525 1259 Attico,
575 1231 651 1254 uno
691 1221 866 1254 omnium
903 1212 1199 1268 diligentissimo
1235 1221 1274 1253 in
1310 1233 1352 1255 re
1384 1220 1583 1254 familiari.

115 1264 327 1303 GRONOV.
355 1288 401 1294 —
428 1271 479 1302 Ta
505 1270 651 1308 videbis,
680 1269 739 1301 Du
765 1269 877 1302 wirst
904 1268 1022 1301 sehon
1050 1280 1201 1316 sorgen.
1238 1288 1286 1293 --
1322 1270 1440 1303 Habes
1466 1270 1586 1315 Hege-

112 1320 189 1351 siae
216 1330 341 1362 genus,
384 1316 499 1358 „hier
524 1316 608 1349 hast
633 1317 693 1350 Du
720 1317 785 1350 ein
813 1316 1015 1350 Pr'o'bchen
1043 1328 1130 1350 vom
1157 1317 1230 1351 Stil
1258 1318 1321 1351 des
1348 1317 1584 1365 Hegesias!“

113 1366 250 1399 Dieser
290 1365 471 1411 Hegesias
506 1364 720 1411 Magnesius
759 1376 842 1398 war
878 1364 940 1398 ein
978 1365 1175 1399 Attischer
1211 1365 1363 1399 Redner
1405 1378 1469 1398 aus
1513 1366 1585 1400 der

115 1413 258 1447 Schule
287 1412 349 1445 des
378 1412 519 1455 Lysias,
549 1412 681 1445 dessen
706 1411 913 1445 kernichte
941 1413 1067 1446 Kiirze
1096 1423 1137 1446 er
1163 1425 1251 1446 zum
1280 1414 1424 1447 Muster
1449 1412 1585 1455 nahm,

112 1461 202 1494 aber
228 1460 435 1500 iibertrieb,
468 1470 506 1492 so
535 1459 614 1492 <lass
643 1471 684 1493 er
710 1459 752 1492 in
780 1460 864 1493 eine
892 1459 1080 1507 gehackte
1114 1461 1193 1495 und
1228 1462 1486 1496 zerstiickelte
1512 1462 1586 1496 Art

113 1522 160 1541 zu
188 1508 388 1541 schreiben
417 1507 566 1548 vei-fiel,
593 1507 654 1540 die
681 1507 816 1541 Cicero
843 1507 1099 1555 missbilligte.
1142 1509 1177 1542 S.
1205 1510 1303 1545 Orat.
1330 1522 1362 1544 c.
1390 1513 1446 1546 67.
1485 1511 1585 1544 Bru-

114 1563 173 1589 tus
199 1559 244 1590 83
273 1555 348 1587 und
373 1553 566 1587 Ruhnken
593 1555 638 1587 ad
665 1554 783 1588 Rutil.
810 1557 904 1600 Lup.
934 1556 978 1589 de
1005 1557 1162 1603 Figuris
1189 1570 1225 1603 p.
1252 1560 1309 1593 25.
1352 1576 1393 1584 ·-—
1441 1560 1493 1592 ad
1515 1560 1584 1604 Ty-

115 1608 341 1639 γαηηίη-ηωη,
378 1602 447 1635 der
479 1602 565 1635 dem
595 1602 730 1636 Cicero
757 1603 835 1635 und
861 1603 1015 1637 Attikus
1042 1605 1124 1638 sein
1150 1612 1323 1640 neuestes
1349 1606 1478 1642 Werk
1502 1611 1584 1654 περὶ

111 1652 311 1698 προςωὸἰῶν
338 1649 383 1682 ο(1
425 1649 518 1683 iiber
545 1650 604 1683 die
631 1650 799 1684 Accente
825 1651 893 1684 der
913 1651 1198 1686 Griechischen
1218 1653 1387 1698 Sprache
1405 1655 1582 1702 gemein-

113 1698 318 1733 schaftlich
343 1697 447 1730 hh'tfe
475 1698 653 1732 vorlesen
680 1699 828 1739 sollen3
856 1699 945 1733 aber
972 1711 1013 1733 er
1031 1700 1137 1735 hatte
1165 1713 1200 1736 es
1221 1702 1307 1735 dem
1331 1703 1485 1737 Attikus
1511 1716 1582 1736 zu-

141 1748 269 1780 e-andt
306 1746 386 1778 und
423 1745 548 1778 dieser
583 1758 620 1779 es
657 1747 776 1780 allein
813 1749 978 1794 gelesen.
1026 1748 1060 1782 S.
1099 1761 1156 1794 ep.
1184 1750 1425 1792 CCCCXLII,
1460 1754 1484 1787 2
1517 1763 1579 1785 am

111 1760 233 1828 {Unda
258 1813 305 1818 —
330 1796 403 1828 Ain
428 1796 500 1827 tu?
525 1806 601 1827 was
628 1794 687 1827 Du
714 1795 790 1827 mir
815 1797 1138 1843 sag-st?—-verum
1166 1800 1229 1840 (Ξ
1247 1798 1398 1841 ἀληθὲς,
1418 1800 1578 1842 δίκαιον)

112 1844 135 1876 i.
153 1855 181 1876 e.
203 1855 292 1875 num
308 1852 469 1885 aequum
486 1847 523 1875 et
540 1842 682 1875 iustum
708 1843 782 1875 fuit
809 1848 845 1876 te
872 1843 986 1877 illum
1014 1845 1157 1878 librum
1185 1858 1247 1880 me
1272 1847 1426 1881 absente
1452 1849 1579 1882 solum

113 1892 269 1939 legere?
298 1891 397 1923 ΕΘΗ.
426 1908 469 1914 -
495 1893 570 1923 sine
596 1903 650 1924 me
677 1891 836 1938 legisti?
864 1911 910 1917 —-
934 1895 1040 1926 nolui
1064 1895 1147 1927 scil.
1175 1906 1317 1927 novum
1336 1895 1504 1940 aliquem
1525 1896 1578 1928 li-

113 1939 234 1979 brum,
264 1939 369 1971 cuius
396 1942 558 1982 uterque
592 1950 757 1972 essemus
791 1940 934 1984 cupidi,
970 1941 1114 1988 leg-ere,
1149 1948 1192 1974 ut
1225 1943 1405 1977 lectionis
1439 1944 1578 1989 volup-

112 1992 188 2019 tate
217 1986 456 2019 coniunctim
485 1987 718 2020 frueremur.
747 1988 851 2020 SCH.
876 2007 924 2013 —
950 1991 1058 2029 lucre,
1086 1990 1276 2024 abbiissen.
1303 2011 1350 2016 ——-
1386 1992 1463 2025 Uno
1492 2004 1576 2026 mo-

113 2034 171 2071 do,
199 2045 284 2069 nur.
312 2053 357 2058 -
383 2039 448 2066 tua
474 2036 691 2071 admiratio.
743 2035 891 2069 Atticus
928 2037 1114 2070 nimirum
1142 2039 1363 2083 scripserat,
1399 2040 1472 2073 sibi
1497 2041 1576 2084 Ty-

112 2082 306 2114 raunionis
334 2081 583 2115 subtilitatem
609 2083 650 2116 in
678 2083 904 2127 explicando
932 2091 1159 2131 argumento
1194 2087 1267 2120 isto
1294 2088 1463 2122 mirifice
1489 2089 1576 2133 pla-

111 2130 243 2162 cuisse.
280 2130 378 2162 ΒΘΗ.
406 2147 464 2171 X—
497 2129 642 2165 πάντα
676 2130 963 2177 φιλόδημον,
1013 2145 1283 2178 quemcunque
1329 2136 1573 2181 popularem,

111 2178 177 2220 qui
203 2177 379 2225 vulgaria
407 2189 483 2211 non
509 2185 663 2222 spernat
689 2179 723 2212 d.
751 2180 774 2215 i.
804 2181 933 2223 leden,
975 2181 1062 2214 dem
1098 2181 1188 2215 kein
1223 2183 1469 2232 Gegenstand
1508 2196 1575 2232 ge·

110 2224 261 2257 lehrter
287 2225 566 2273 Forschungen
592 2238 640 2259 zu
667 2229 806 2276 gering·
831 2228 893 2262 ist.
937 2228 1023 2264 Sch.
1058 2230 1283 2265 vermuthet
1320 2232 1456 2266 iedoch
1492 2244 1573 2267 we-

109 2284 185 2319 gen
225 2272 287 2305 (les
322 2273 547 2322 Fulgenden
586 2275 792 2320 φιλόμαθῆ,
847 2276 971 2310 Orelli
1006 2277 1199 2312 bemerkt:
1236 2280 1396 2324 Propius
1429 2281 1573 2314 abesset

108 2318 314 2365 φιλόλογον.
350 2339 397 2345 —-
431 2327 571 2355 tenuem
602 2325 809 2369 θεωρίαν
844 2324 868 2357 i.
898 2337 928 2358 e.
959 2325 1269 2369 disputationem,
1308 2328 1409 2362 diese
1436 2329 1572 2362 Darle-

106 2380 211 2415 gung
239 2369 342 2402 eines
369 2379 408 2402 so
435 2370 751 2417 gerfflgffigigen,
792 2372 888 2405 bloss
916 2373 1240 2420 grammatischen
1269 2375 1569 2423 Gegenstandes.

105 2435 151 2440 —
178 2417 476 2458 Etsi...0mnia,
512 2418 752 2465 gleichwohl
786 2419 835 2452 ist
862 2420 958 2454 diess
985 2421 1200 2466 iiberhaupt
1225 2423 1369 2457 Deiner
1394 2424 1570 2458 Denkart

106 2465 264 2511 gemass.
316 2464 424 2498 Denn
450 2464 521 2497 Dir
547 2466 593 2498 ist
621 2478 657 2500 es
692 2479 758 2500 um
795 2467 858 2501 das
892 2468 1012 2503 blosse
1048 2469 1205 2505 Wissen
1240 2483 1288 2504 zu
1326 2471 1439 2514 thun,
1475 2471 1570 2506 weil

108 2511 278 2544 dadureh
315 2512 437 2546 allein
477 2512 545 2546 der
572 2514 680 2547 Geist
713 2514 878 2563 gen'a'hrt
909 2517 1021 2551 wird.
1055 2537 1103 2543 —
1136 2520 1189 2551 ad
1211 2520 1310 2559 τέλος
1335 2519 1360 2555 i.
1389 2531 1420 2554 e.
1449 2520 1568 2554 finem

106 2559 309 2600 bonorum,
337 2560 465 2601 „aben
493 2562 612 2608 frag-st
637 2562 696 2595 Du
722 2562 828 2596 mich
854 2563 1067 2607 vielleicht,
1107 2566 1146 2599 in
1172 2579 1249 2601 was
1275 2569 1339 2600 fiir
1364 2568 1472 2601 einer
1495 2568 1569 2602 Be-

104 2606 278 2654 ziehung
312 2607 411 2641 steht
446 2608 548 2642 diese
583 2609 842 2658 Abhandlung
878 2613 972 2647 iiber
1010 2614 1084 2648 den
1119 2614 1363 2662 gesch‘zirften
1398 2616 1477 2649 und
1502 2625 1568 2665 ge-

103 2654 264 2688 senkten
293 2655 434 2689 Accent
458 2656 585 2695 (acuta
611 2663 645 2691 et
670 2662 780 2703 gravi
804 2659 960 2703 syllaba,
987 2673 1075 2695 cum
1111 2661 1190 2695 ictu
1219 2668 1256 2696 et
1289 2662 1328 2696 in
1362 2662 1462 2697 thesi
1495 2675 1567 2709 po-

101 2702 185 2745 sita)
212 2715 259 2734 zu
285 2703 432 2737 Deiner
457 2704 756 2754 Untersuchung
781 2706 875 2741 iiber
908 2708 969 2742 das
996 2709 1156 2745 hb'chste
1185 2710 1276 2753 Gut‚
1316 2721 1356 2745 so
1395 2711 1478 2746 dass
1503 2712 1566 2746 Du
