1795 3081
546 56 864 107 EPISTOLA
898 57 1120 108 DXXIX.
1415 63 1510 110 241

60 191 158 220 men
201 179 280 219 ille
319 178 436 218 idem
474 183 604 233 urget
641 184 685 218 et
721 184 890 228 manet,
942 192 1029 218 non
1073 179 1324 220 mehercule
1358 179 1507 220 indul-

59 241 188 291 gente
231 248 323 284 me,
375 231 450 273 sed
492 239 637 271 tamen
678 246 767 271 non
809 241 1093 287 repugnante.
1177 235 1304 286 Quod
1347 230 1546 275 scribis2

59 293 112 329 de
148 290 380 343 Appuleio,
426 287 539 327 nihil
576 290 683 340 puto
722 299 829 340 opus
866 300 956 328 esse
996 295 1069 329 tua
1107 289 1386 330 contentione
1426 305 1507 331 nec

57 346 194 386 Balbo
226 352 269 384 et
299 345 468 397 Oppi03
513 343 670 394 quibus
700 342 875 395 quidem
914 344 992 383 ille
1031 351 1272 397 receperat,
1311 347 1507 399 mihique

59 403 191 440 etiam
222 401 409 438 iusserat
438 398 636 436 nuntiari
664 411 709 436 se
738 398 968 437 molestum
989 401 1166 438 omnino
1188 413 1274 438 non
1293 403 1506 441 futurum.

56 455 144 495 Sed
174 469 296 505 cura,
326 460 377 492 ut
405 464 586 492 excuser
614 453 761 492 morbi
791 464 920 492 causa
949 455 994 492 in
1025 454 1116 493 dies
1145 455 1355 510 singulos,
1393 457 1505 496 Lae-

57 524 134 549 nas
164 511 248 548 hoc
284 513 523 561 receperat.
581 507 749 547 Prende
787 508 832 548 C.
864 508 1138 561 Septimium.
1175 510 1227 549 L.
1264 509 1505 556 Statilium.

56 566 256 617 Denique
286 576 411 602 nemo
435 562 612 616 negabit
632 576 676 601 se
694 564 959 614 iuraturum,
991 577 1118 616 quem
1136 567 1320 620 rogaris.
1380 566 1507 618 Quod

56 622 94 659 si
124 621 211 659 erit
240 618 407 667 durius,
436 618 610 656 veniam
641 623 685 656 et
712 619 805 670 ipse
834 625 1093 671 perpetuum
1113 620 1315 659 morbum
1333 621 1505 662 iurabo.

57 678 201 727 Quum
230 675 347 713 enim
383 672 492 710 mihi
530 671 766 711 carendum
801 673 860 713 sit
897 675 1126 725 conviviis,
1166 676 1282 714 malo
1326 674 1371 714 id
1409 677 1506 732 lege

54 729 200 769 wideri
241 731 388 767 facere
424 740 553 779 quam
594 726 762 766 dolore.
846 728 1081 768 Cocceium
1122 725 1257 768 velim
1297 732 1504 783 appelles.

56 783 185 836 Quod
215 785 330 822 enim
360 781 547 832 dixerat,
577 795 664 820 non
694 784 814 822 facit.
871 783 960 839 Ego
998 790 1144 823 autem
1181 785 1285 824 volo
1325 786 1506 839 aliquod

56 852 200 879 emere
229 838 464 878 latibulum
494 843 537 876 et
566 839 815 892 perfugium
845 837 1012 878 doloris
1042 837 1142 878 mei.

55 960 191 987 tecum.
218 951 303 1000 vgl.
333 963 389 996 ep.
418 953 500 987 531.
526 969 573 977 —-
599 953 711 984 ardor
735 961 782 984 =
809 952 930 986 dolor.
958 969 999 977 —-
1033 951 1381 1000 non-..indulgente
1417 960 1507 990 statt

54 1001 227 1044 quamvis
254 1000 379 1033 dolori
411 1011 488 1033 non
514 999 735 1045 indulgeam
773 1000 900 1044 (mich
925 998 1032 1033 nicht
1056 1000 1249 1050 hingebe),
1287 1003 1352 1037 sed
1375 1008 1506 1039 tamen

645 1052 652 1066 ἱ

0 1051 1 1057 ’
53 1060 130 1083 non
155 1049 243 1082 satis
270 1059 492 1095 repugnem.

149 1110 183 1143 2.
235 1109 274 1140 de
299 1108 490 1152 Appuleio.
541 1107 621 1140 Der
645 1105 805 1140 Senator
831 1107 866 1140 P.
894 1107 1103 1152 Appuleius
1128 1121 1210 1143 war
1234 1110 1505 1144 vermuthlich

0 1165 2 1175 ⁴
54 1156 180 1189 durch
207 1155 335 1188 Casars
361 1154 652 1202 Begiinstigung
678 1154 719 1186 in
747 1154 808 1187 das
836 1154 1052 1202 Collegium
1081 1156 1150 1190 der
1174 1157 1346 1204 Augures
1373 1160 1504 1205 aufge-

54 1215 232 1238 nommen
257 1202 334 1235 und
361 1207 500 1235 musste
534 1214 614 1234 nun
650 1200 748 1234 nach
773 1202 888 1234 altem
914 1203 1174 1238 Herkommen
1201 1206 1266 1238 ein
1293 1206 1504 1254 mehrt'a'gi-

1 1277 3 1289 2
54 1263 119 1298 ges
146 1250 344 1285 Gastmahl
369 1250 504 1297 geben,
530 1249 591 1283 bei
615 1249 807 1283 welchem
835 1248 925 1283 kein
942 1251 1075 1299 Augur
1100 1252 1233 1286 fehlen
1259 1252 1399 1295 durfte,
1424 1265 1504 1287 wo-

2 1294 3 1312 ³
54 1302 141 1333 fern
168 1297 281 1331 nicht
305 1298 388 1331 drei
414 1299 572 1330 M'zinnex·
603 1308 680 1330 von
711 1296 886 1330 Ansehen
922 1298 1002 1331 und
1037 1310 1078 1332 er
1111 1300 1227 1333 selbst
1262 1301 1406 1334 eidlich
1440 1301 1503 1335 be-

54 1350 228 1392 zeugten,
255 1346 334 1378 dass
361 1356 404 1378 er
417 1344 649 1378 Krankheits
675 1344 808 1378 halber
833 1344 941 1377 nicht
968 1346 1192 1380 erscheinen
1216 1347 1354 1383 kenne.
1394 1349 1503 1382 Auch

2 1414 4 1430 κ,
54 1399 193 1427 musste
229 1404 271 1426 er
303 1393 384 1426 sich
417 1394 481 1425 fiir
518 1391 627 1425 ieden
652 1392 733 1439 Tag
771 1392 1064 1440 entschuldigen
1101 1394 1232 1428 lassen.
1270 1395 1306 1429 S.
1336 1408 1394 1440 ep.
1422 1399 1501 1431 531.

3 1464 4 1477 ἢ
56 1442 134 1475 Der
160 1442 294 1488 Augur
319 1439 467 1482 iedoch,
501 1438 672 1473 welcher
705 1440 766 1473 das
801 1440 999 1472 Gastmahl
1036 1442 1118 1489 gab,
1152 1442 1296 1477 konnte
1329 1443 1407 1476 ihm
1439 1444 1503 1478 das

3 1501 4 1532 g
55 1488 290 1523 Erscheinen
315 1488 392 1521 und
417 1488 490 1520 den
515 1487 744 1520 Eidschwur
768 1487 839 1519 mit
865 1487 933 1521 der
958 1489 1112 1522 Forinel
1146 1491 1333 1524 erl-essen:
1369 1504 1404 1525 se
1429 1504 1504 1525 mo-

55 1539 184 1570 lestum
210 1539 354 1569 omnino
378 1548 447 1568 non
466 1535 642 1578 futurum
677 1535 709 1567 d.
737 1535 759 1569 i.
787 1546 829 1568 er
854 1536 970 1568 wolle
997 1536 1064 1568 ihn
1097 1537 1214 1570 damit
1247 1539 1501 1581 verschonen,

55 1584 136 1617 ihm
163 1582 270 1617 nicht
295 1583 432 1617 weiter
457 1582 570 1630 l'astig
595 1582 727 1615 fallen.
744 1601 790 1606 -—
811 1585 1052 1623 contentione,
1077 1583 1190 1618 Miihe
1217 1584 1323 1619 mich
1350 1599 1396 1619 zu
1418 1592 1500 1621 ent-

55 1631 296 1679 schuldigen.
335 1650 382 1655 -—
418 1644 481 1664 nec
504 1631 615 1664 Balbo
649 1636 683 1663 et
710 1631 841 1675 Oppio,
875 1631 953 1665 und
990 1630 1069 1664 dass
1103 1633 1161 1665 Du
1193 1632 1295 1666 Dich
1330 1634 1503 1668 desshalb

56 1679 168 1712 nicht
201 1691 249 1712 an
285 1678 421 1711 Balbus
455 1678 533 1711 und
558 1678 699 1722 Oppius
730 1690 778 1711 zu
814 1678 977 1711 wenden
1011 1679 1227 1714 brauchest.
1253 1700 1299 1706 —-
1326 1683 1398 1723 ille,
1426 1682 1503 1727 Ap-

55 1727 153 1771 pius,
181 1731 363 1770 receperat
389 1727 413 1759 i.
443 1737 473 1760 e.
501 1726 739 1770 promiserat.
768 1724 804 1761 S.
832 1726 867 1758 d.
894 1726 984 1773 folg.
1013 1726 1122 1760 Brief
1143 1729 1171 1771 §.
1201 1723 1293 1763 1.'—
1316 1730 1504 1774 Popillius

55 1777 208 1816 Laenas,
234 1786 331 1807 unus
359 1786 403 1807 ex
428 1784 616 1820 augurum
643 1773 823 1822 collegio,
857 1772 931 1806 hoc
964 1778 1175 1818 receperat,
1213 1788 1251 1810 se
1283 1784 1505 1811 curaturum

56 1828 99 1855 ut
126 1822 260 1855 Cicero
288 1821 384 1865 apud
410 1820 642 1865 Appuleium
671 1826 928 1854 excusaretur.
964 1822 1078 1855 MAN.
1116 1842 1164 1848 -——
1198 1827 1342 1868 prende,
1381 1826 1505 1858 nimm

57 1868 158 1903 noch
186 1870 290 1909 dazu,
317 1869 396 1902 scil.
425 1874 492 1909 „ut
519 1880 603 1902 cum
630 1869 793 1902 Laenate
819 1880 880 1901 ine
907 1870 1005 1913 apud
1030 1870 1259 1914 Appuleium
1288 1875 1507 1906 excusent.“

57 1917 193 1950 Tribus
226 1916 328 1950 enim
360 1918 514 1950 testibus
547 1928 565 1950 e
593 1914 758 1963 collegio
794 1926 981 1964 augurum
1012 1918 1057 1950 ad
1093 1919 1346 1953 excusandum
1382 1919 1506 1954 morbi

59 1977 167 1997 causa
202 1975 294 2008 opus
329 1969 418 1999 erat.
459 1964 540 1997 Vid.
579 1975 635 2008 ep.
673 1975 748 2008 seq.
786 1982 831 1988 —
873 1965 909 1998 C.
943 1966 1138 2009 Septimius
1172 1967 1248 2000 fuit
1280 1972 1434 2012 praetor
1468 1970 1505 2002 P.

59 2013 226 2045 Lentulo
254 2010 456 2055 Spinthere
484 2013 640 2045 consule
676 2016 713 2044 et
748 2023 792 2045 ex
825 2010 991 2060 collegio
1018 2025 1216 2061 augurum.
1252 2015 1339 2048 Vid.
1366 2015 1412 2048 ad
1438 2016 1508 2049 Fa-

58 2060 140 2092 mil.
170 2059 280 2100 VIII,
306 2062 328 2093 8
355 2064 389 2092 et
417 2059 514 2093 Orat.
541 2058 579 2091 in
594 2058 717 2098 Senat,
743 2071 780 2103 p.
808 2059 930 2093 Redit.
959 2072 990 2093 c.
1015 2064 1048 2096 9.
1068 2080 1108 2085 --
1136 2063 1177 2096 L,
1199 2064 1383 2101 Statilius,
1411 2062 1509 2096 Tau-

59 2119 136 2148 rus,
166 2106 265 2140 idem
290 2118 476 2154 augurum
502 2119 609 2139 unus.
651 2125 692 2131 —
734 2120 833 2153 quem
861 2111 1020 2153 rogaris.
1060 2108 1142 2142 sch.
1171 2111 1267 2143 Liin.
1296 2111 1341 2144 de
1369 2111 1507 2145 Manat.

59 2166 160 2198 susp.
187 2166 401 2200 quemquem.
454 2154 616 2188 Deberet
643 2166 719 2188 esse
747 2166 998 2201 quemcunque,
1034 2162 1075 2189 ut
1101 2158 1171 2202 Ep.
1201 2169 1275 2201 seq.
1302 2159 1329 2201 ἕ.
1359 2161 1389 2192 1.
1433 2161 1507 2193 GR.

59 2220 105 2226 --
130 2203 268 2242 durius,
295 2201 406 2235 sollte
432 2214 519 2234 man
545 2201 632 2235 sehr
656 2208 785 2250 streng
805 2214 928 2250 geg-en
948 2202 1051 2235 mich
1073 2205 1155 2238 sein
1175 2206 1329 2240 wollen.
1356 2226 1403 2230 —
1426 2220 1510 2251 per-

57 2255 206 2294 petuum
231 2251 406 2290 morbum,
433 2249 513 2282 <lass
541 2249 605 2283 ich
630 2250 754 2283 krank
792 2252 877 2283 auf
911 2251 1022 2283 imm
1035 2262 1083 2285 er
1120 2252 1185 2286 sei.
1217 2273 1264 2278 --
1297 2257 1396 2288 malo
1423 2256 1481 2290 id.
1499 2280 1507 2289 .

52 2297 183 2341 facere
209 2296 234 2333 i,
263 2308 292 2330 e.
321 2298 421 2330 malo
448 2297 637 2330 conviviis
664 2308 792 2331 carere
819 2299 994 2331 morbum
1022 2299 1162 2342 iurans,
1200 2314 1313 2346 quam
1349 2308 1511 2347 propter

63 2344 237 2378 dolorem
272 2344 374 2378 filiae
407 2344 561 2378 amissae
596 2345 636 2377 id
669 2346 793 2379 facere
827 2345 962 2380 videri.
995 2366 1040 2370 —
1075 2349 1258 2383 Cocceium
1289 2362 1317 2384 v.
1351 2353 1511 2395 appelles

63 2391 107 2424 (le
133 2392 308 2436 pecunia,
335 2403 446 2436 quam
472 2390 568 2424 mihi
595 2392 713 2426 debet.
765 2391 826 2425 Sic
861 2395 965 2426 enim
1003 2395 1205 2430 Manutius.
1256 2397 1428 2431 Fortasse
1455 2404 1511 2431 ta-

62 2450 150 2472 men
178 2439 312 2472 Cicero
338 2439 381 2472 ab
409 2450 451 2473 eo
477 2440 683 2483 pecuniam
708 2445 878 2472 mutuam
911 2453 1058 2475 sumere
1093 2444 1218 2477 voluit
1267 2445 1363 2478 SCH.
1413 2445 1512 2485 „den

63 2486 242 2520 Cocceius
270 2487 428 2520 ersuche
455 2486 530 2528 ich,
557 2499 627 2520 zur
652 2487 864 2534 Erfiillung
891 2489 1011 2522 seinos
1034 2491 1315 2536 Versprechens
1343 2493 1512 2540 gericht·

63 2533 144 2566 lich
171 2532 411 2569 anzuhalten.
437 2553 484 2558 —-
511 2536 718 2574 latibulum,
744 2535 856 2568 einen
882 2535 1122 2572 heimlichen
1149 2539 1323 2574 WViukel.

108 2754 185 2790 Cic.
200 2752 332 2790 Briefe
348 2767 380 2789 v.
398 2754 557 2790 Biuerb.
587 2756 656 2793 111.
1191 2752 1242 2792 16
