1795 3081
266 85 363 132 372
542 79 609 125 Μ.
643 78 696 126 Τ.
737 75 1096 135 ΟΙΟΕΒΟΝΙΞ,
1111 76 1487 126 EPISTOLAE.

270 204 351 244 etsi
381 202 464 241 hoc
496 201 593 240 loco
623 197 836 238 facillime
865 201 1102 248 sustentor,
1139 203 1284 236 tamen
1322 202 1366 236 te
1393 195 1547 236 videre
1577 197 1721 250 cupio.

269 259 434 310 Itaque,
464 263 514 296 ut
546 254 770 303 constitui,
799 251 946 292 adero.
984 252 1183 291 Fratrem
1212 249 1343 291 credo
1373 265 1399 291 a
1426 258 1470 291 te
1499 264 1590 290 esse
1620 264 1723 290 con-

228 313 461 353 4ventum.
519 310 645 349 Scire
674 309 814 363 igitur
836 306 1007 357 studeo,
1037 306 1144 360 quid
1162 307 1317 362 egeris.
1374 306 1441 345 De
1469 308 1584 346 fama
1610 306 1725 344 nihil

269 381 370 408 sane
413 366 596 405 laboro:
643 364 725 403 etsi
764 364 1026 415 scripseram
1060 361 1116 401 ad
1158 368 1200 401 te
1244 368 1348 400 tunc
1387 361 1544 400 stulte.-
1590 361 1727 412 „nihil

269 420 459 462 melius.“
517 418 770 462 Curandum
800 420 1032 457 enim-non
1061 423 1137 456 est.
1205 415 1347 469 Atque
1376 416 1475 466 hoc,
1513 417 1588 466 „in
1616 416 1728 454 omni

267 480 358 518 vita
385 489 462 515 sua
490 488 684 526 quemque
712 487 739 512 a
767 482 881 511 recta
910 473 1158 510 conscientia
1179 481 1414 510 traversum
1442 484 1621 522 unguem
1646 484 1727 508 non

271 540 428 583 oportet
448 527 705 579 discedet-est
734 527 877 567 viden’
899 540 1028 579 quam
1057 522 1346 582 q>d.ooo'(scog?
1376 526 1442 564 An
1466 532 1513 565 tu
1532 539 1611 564 nos
1634 526 1727 563 fru-

271 594 364 627 stra
392 587 613 625 existimas
643 584 750 622 haec
779 585 825 621 in
853 583 1054 621 manibus
1082 582 1276 621 habere?
1305 580 1539 636 Δεδῆχθαι
1562 587 1606 620 te
1632 580 1727 618 nol-

273 643 374 689 lem,
407 639 525 693 quod
554 639 668 678 nihil
697 645 804 678 erat.
862 637 1011 677 Redeo
1042 638 1158 676 enim
1187 649 1340 675 rursus
1369 634 1534 675 eodem.
1593 634 1729 687 Quid-

275 709 460 749 quamne
490 708 558 734 me
587 700 713 747 putas
744 706 902 732 curare
931 695 977 732 in
1007 698 1119 744 toto,
1156 693 1241 729 nisi
1280 697 1330 730 ut
1370 692 1442 729 cui
1479 704 1534 730 ne
1563 689 1729 729 desim?

274 751 325 790 Id
354 764 436 806 ago
467 751 653 799 scilicet,
683 755 733 787 ut
763 747 928 787 iudicia
956 747 1111 788 videar
1133 748 1304 786 tenere!
1336 743 1417 801 Illy}
1447 743 1528 798 γὰρ
1559 739 1727 793 αὖτοῖςέ

276 807 451 846 Vellem
472 811 561 844 tam
581 804 821 843 domestica
843 805 962 842 ferre
980 816 1150 856 possem
1172 814 1301 854 quam
1324 803 1408 841 ista
1438 806 1730 840 contemnere.

371 969 407 1002 3.
456 971 654 1000 sustentor.
702 965 738 998 S.
767 975 825 1008 ep.
853 963 974 997 DCVI
1009 962 1062 995 im
1089 962 1173 995 Anf.
1213 979 1255 987 —
1296 962 1404 994 adero
1437 961 1479 994 in
1503 962 1729 995 Tusculano.

279 1016 315 1050 S.
343 1027 399 1059 ep.
430 1014 529 1048 DCX
553 1025 612 1046 am
638 1012 760 1046 Ende.
788 1030 832 1036 —
864 1012 997 1044 studeo.
1037 1011 1110 1043 Hic
1143 1020 1295 1054 quoque
1327 1011 1464 1051 studeo,
1499 1010 1572 1042 nisi
1606 1009 1733 1042 omnia

279 1075 340 1096 me
366 1061 520 1100 fallunt,
548 1066 776 1104 corruptum
803 1063 857 1092 est
885 1071 929 1092 ex
963 1070 1062 1099 aveo,
1099 1063 1142 1090 ut
1175 1068 1277 1090 nunc
1313 1058 1592 1092 restituendum
1620 1056 1732 1090 video

281 1123 300 1144 e
327 1110 415 1144 cod.
443 1109 572 1144 Viteb.
598 1108 710 1142 initio
740 1109 882 1141 Orator.
912 1107 1045 1140 Par-tit.
1081 1105 1159 1139 cfr.
1186 1105 1258 1149 Ep.
1286 1107 1352 1140 35:
1378 1108 1470 1141 scire
1494 1108 1610 1152 igitur
1635 1116 1732 1138 aveo.

375 1231 409 1262 ll.
458 1229 513 1262 De
529 1225 655 1269 fama,
692 1227 737 1260 ob
773 1226 832 1259 die
858 1226 976 1259 Lente
1010 1230 1079 1272 gut
1113 1236 1188 1259 von
1224 1225 1304 1257 mir
1338 1225 1471 1266 reden,
1506 1224 1601 1258 ficht
1627 1222 1735 1256 mich

283 1276 396 1311 nicht
422 1288 482 1309 an.
525 1276 593 1308 Est
619 1275 773 1307 initium
801 1285 917 1307 novae
944 1273 1015 1308 rei.
1054 1273 1157 1306 Dicit
1191 1284 1228 1306 se
1256 1283 1334 1306 non
1360 1284 1509 1314 curare,
1546 1271 1639 1316 quid
1663 1271 1736 1303 ho-

282 1326 403 1358 mines
429 1323 566 1356 Romae
594 1323 640 1356 de
665 1335 703 1355 se
730 1323 870 1360 dicmst,
910 1321 993 1354 scil.
1028 1325 1069 1352 ut
1103 1332 1213 1364 supra
1247 1326 1313 1358 est,
1349 1321 1450 1363 quod
1486 1320 1628 1354 abesset
1665 1318 1736 1352 Ro-

282 1385 357 1412 ma,
396 1383 415 1404 a
453 1371 561 1404 curia
598 1375 635 1403 et
669 1372 764 1403 foro.
801 1369 1020 1403 ERNESTI.
1066 1367 1102 1401 S.
1138 1379 1194 1412 ep.
1231 1370 1313 1403 569.
1341 1370 1376 1401 4.
1419 1370 1500 1406 567,
1525 1370 1557 1403 2.
1594 1368 1676 1405 565,
1700 1367 1733 1400 2.

281 1423 364 1461 563,
390 1422 423 1454 3.
459 1419 532 1452 bes.
560 1420 640 1459 538,
667 1420 700 1452 5.
736 1420 816 1459 537,
844 1419 878 1459 2,
906 1436 952 1441 -
978 1421 1077 1457 tunc,
1106 1416 1214 1449 eiust.
1241 1434 1285 1440 -—
1319 1416 1436 1462 Atque
1462 1417 1538 1456 hoc,
1566 1415 1737 1462 dagegen

284 1466 409 1501 ...sieh
435 1466 591 1509 einmal‚
617 1465 692 1500 wie
716 1463 1008 1510 philosophisch
1034 1464 1106 1497 Das
1141 1463 1229 1505 (der
1255 1463 1454 1507 Gedanke)
1489 1464 1538 1496 ist
1573 1476 1610 1496 u.
1637 1475 1662 1496 s.
1688 1474 1735 1495 w.

283 1534 330 1540 —
355 1520 557 1548 traversum
576 1524 623 1547 =
641 1519 882 1547 transversum
909 1512 981 1545 Md.
1009 1523 1029 1544 a
1055 1522 1124 1545 sec.
1153 1523 1280 1552 manu,
1307 1511 1387 1545 Asc.
1409 1515 1438 1546 1.
1467 1511 1566 1545 Crat.
1593 1510 1735 1543 Manut.

283 1562 371 1598 sch.
409 1562 506 1595 Liin.
542 1561 680 1604 „nicht
712 1561 826 1594 einen
863 1560 987 1607 Nagel
1026 1559 1165 1593 breit.“
1204 1565 1368 1603 oportere
1401 1562 1498 1594 Man.
1539 1558 1667 1593 Lamb.
1691 1576 1739 1582 ·-

283 1613 436 1651 frustra,
463 1609 564 1643 ohne
589 1608 749 1650 Frucht,
784 1620 850 1641 um
875 1607 1012 1641 Nichts
1044 1607 1124 1639 und
1148 1607 1297 1641 wieder
1322 1607 1468 1642 Nichts.
1499 1625 1547 1632 -·
1579 1607 1666 1640 haec
1699 1607 1738 1637 in

284 1671 382 1692 man.
409 1658 489 1691 hab.
526 1657 721 1704 Intelligit
747 1656 864 1689 libros
891 1654 1189 1699 philosophicos,
1229 1654 1269 1686 in
1304 1655 1439 1698 quibus
1470 1654 1533 1688 vel
1567 1652 1738 1700 legendis

285 1706 349 1740 vel
374 1704 584 1739 scribendis
610 1704 839 1737 versabatur.
871 1704 973 1737 SCH.
996 1721 1039 1727 —
1068 1703 1309 1744 Δεδῆχθαι
1334 1707 1369 1735 te
1394 1704 1525 1736 nollem
1551 1701 1575 1734 i.
1599 1714 1627 1736 e.
1656 1700 1739 1733 nol—

284 1754 363 1787 lem
389 1760 428 1786 te
452 1752 523 1786 ista
547 1752 662 1785 verba
686 1763 769 1785 mea
794 1750 1105 1791 momordissent,
1142 1749 1244 1793 quod
1277 1750 1392 1783 stulte
1423 1750 1648 1794 scripseram
1683 1751 1740 1781 ηἰ-

285 1803 339 1835 hil
353 1799 467 1844 fama
491 1801 632 1833 melius.
670 1800 772 1832 SCH.
817 1798 909 1839 „ioh
935 1798 1083 1839 wollte,
1118 1798 1176 1831 Du
1207 1798 1347 1831 h'zittest
1374 1797 1446 1831 Dir
1479 1798 1594 1831 ienen
1620 1796 1740 1829 alber-

286 1860 363 1882 nen
389 1846 589 1880 Ausdruck
615 1845 723 1879 nicht
758 1857 796 1880 so
832 1858 879 1879 zu
905 1847 1058 1879 Herzen
1084 1845 1210 1889 gehen
1245 1846 1407 1878 lassen.“
1456 1845 1609 1878 Attikus
1634 1844 1739 1876 hatte

287 1897 372 1933 ibn,
407 1895 501 1929 weil
533 1906 575 1927 er
613 1894 673 1927 die
704 1894 947 1940 Aeusserung
980 1894 1043 1926 fiir
1078 1893 1195 1926 Ernst
1229 1893 1339 1933 hieu,
1379 1892 1570 1926 ernstlich
1594 1891 1740 1927 wieder

286 1945 586 1991 ausgemuntert,
621 1942 706 1975 sich
730 1953 807 1975 von
833 1943 981 1975 Neuem
1009 1952 1105 1988 ganz
1139 1941 1223 1974 dem
1251 1941 1348 1974 Foro
1378 1953 1424 1973 zu
1450 1940 1630 1983 widinen,
1664 1951 1740 1972 was

287 1992 391 2026 seine
419 1991 533 2024 Fama
568 1989 790 2023 anfrischen
823 1989 969 2025 wiirde.
1020 1990 1165 2022 Daraus
1197 1988 1402 2021 erwiedert
1427 1988 1584 2023 Cicero:
1629 1987 1740 2031 Quid-

286 2039 642 2084 quamne...desim,
679 2038 847 2079 „meinst
873 2038 944 2077 Du,
985 2036 1065 2070 dass
1103 2035 1166 2068 ich
1199 2036 1259 2069 bei
1286 2036 1450 2069 meinem
1490 2046 1638 2083 ganzen
1665 2035 1740 2067 Ge-

287 2084 603 2133 richtsgesch‘zifte
627 2085 731 2118 mich
770 2097 833 2118 um
860 2086 989 2118 Etwas
1015 2084 1173 2117 anderes
1199 2083 1463 2117 bekiimmerte
1505 2084 1555 2123 (d.
1583 2083 1607 2116 i.
1642 2081 1739 2115 nach

290 2134 415 2168 elnem
443 2143 598 2180 grosseti
623 2134 770 2167 Namen
796 2133 856 2166 bei
882 2132 955 2166 den
979 2133 1125 2165 Leuten
1150 2131 1370 2172 trachtete)‚
1397 2132 1451 2164 als
1477 2132 1584 2169 Dem,
1610 2130 1740 2163 desscn

289 2180 608 2228 Vertheidigung
632 2180 697 2214 ich
722 2181 999 2214 iibernommen
1024 2179 1130 2221 habe,
1157 2179 1269 2211 nicht
1294 2179 1348 2211 im
1369 2178 1477 2212 Stich
1502 2191 1550 2212 zu
1564 2178 1740 2211 lassen?“

289 2228 358 2262 Ich
384 2227 531 2261 trach†e
560 2228 667 2262 dabei
704 2227 814 2261 nicht
849 2228 947 2261 nach
973 2227 1111 2267 Ruhm,
1144 2226 1308 2260 sondern
1343 2227 1503 2268 danach,
1538 2226 1740 2274 gewissen-

287 2275 369 2309 haft
393 2287 440 2307 zu
466 2275 647 2309 handeln.
688 2279 726 2309 in
758 2281 835 2308 toto
870 2276 1022 2323 negotio
1050 2274 1315 2309 defensionum
1349 2274 1571 2308 forensium.
1611 2272 1739 2306 Lamb.

288 2326 328 2357 in
353 2326 442 2357 vita.
469 2342 515 2347 —
540 2328 581 2355 ut
607 2327 666 2356 cui
689 2337 731 2357 ne
758 2324 803 2357 de
829 2324 923 2357 Ern.
951 2335 1048 2367 susp.
1074 2322 1160 2356 Sch.
1184 2323 1278 2358 Liin.
1306 2327 1346 2355 ut
1371 2326 1403 2356 ei
1423 2322 1516 2356 Cett.
1539 2332 1626 2355 cum
1649 2320 1740 2353 Cdd.

291 2373 365 2406 ΟΒ.
381 2389 426 2395 -
443 2370 488 2403 Id
511 2383 581 2416 ago
607 2374 696 2414 scil„
725 2377 764 2404 ut
789 2373 863 2405 iud.
890 2374 960 2405 vicl.
986 2373 1124 2404 tenere!
1148 2371 1247 2411 „Das
1272 2370 1351 2402 also
1378 2372 1479 2403 w‘a're
1499 2369 1603 2402 mein
1625 2367 1741 2401 Tich-

288 2425 355 2452 ten
382 2418 460 2450 und
476 2418 681 2459 Trachten‚
707 2420 746 2451 in
773 2419 845 2453 den
862 2419 1075 2453 Gerichten
1102 2418 1175 2452 den
1192 2417 1348 2451 Meister
1372 2430 1420 2450 zu
1447 2417 1618 2462 spielen‘?
1645 2415 1739 2449 Ei!⁴‘

289 2466 446 2500 Sensus:
473 2467 580 2509 quasi
606 2477 697 2500 vero
725 2467 766 2499 id
793 2466 889 2500 mihi
915 2479 1028 2501 curae
1054 2466 1114 2505 sit,
1148 2471 1189 2498 ut
1215 2466 1255 2497 in
1282 2466 1365 2499 foro
1394 2465 1569 2498 dominer
1603 2468 1637 2497 et
1663 2463 1742 2508 pri-

289 2525 372 2546 mus
399 2519 592 2547 oratorum
621 2525 697 2547 esse
725 2514 869 2547 videar.
921 2515 983 2548 Sic
1001 2514 1132 2559 forum
1157 2519 1273 2547 tenere
1299 2512 1393 2546 dixit
1416 2513 1458 2545 in
1484 2513 1599 2546 Bruto
1627 2522 1656 2545 e.
1683 2512 1739 2544 28.

289 2566 331 2593 ut
355 2572 494 2594 scenam
519 2566 635 2594 tenere
661 2561 811 2594 sueton.
840 2562 921 2596 Tib.
950 2565 980 2597 ’7.
1012 2561 1221 2596 GRONOV.
1248 2579 1295 2585 --
1327 2561 1399 2602 ἨΙῆ
1437 2561 1522 2605 γάρ
1558 2558 1742 2597 αὐτοῖς,

290 2619 414 2650 neque
443 2609 548 2642 enim
576 2609 656 2641 illis
682 2609 831 2642 scilicet
858 2621 962 2642 nunc
1001 2610 1182 2643 delector.
1222 2609 1430 2642 GROIVOV.
1474 2606 1641 2641 Videtur
1667 2617 1743 2638 esse

289 2655 444 2688 initium
471 2656 665 2689 versiculi.
701 2657 803 2689 SCH.
840 2657 938 2697 „Das
975 2658 1029 2690 sei
1065 2658 1173 2690 ferne
1206 2668 1283 2689 von
1318 2657 1444 2689 ιιιίΓῖ·ί
1472 2674 1512 2680 -
1539 2655 1745 2693 domestica,

291 2713 385 2745 quae
422 2714 549 2748 passus
584 2717 665 2738 sum
704 2716 722 2736 a
756 2705 876 2738 fratre
911 2710 946 2738 et
985 2704 1069 2739 filio
1102 2705 1193 2747 eius,
1241 2704 1284 2737 ab
1319 2715 1437 2737 uxore
1472 2702 1665 2743 Terentia,
1702 2701 1743 2733 in
