1795 3081
256 92 351 139 388
521 89 587 136 Μ.
622 90 675 138 Τ.
713 85 1060 136 CICERONIS
1096 86 1470 136 EPISTOLAE.

255 224 359 266 erga
388 217 432 251 te
461 217 580 261 esse,
612 210 748 249 velim
778 210 914 247 facias
956 220 1030 247 eos
1065 220 1145 262 per
1184 206 1338 246 literas
1383 207 1614 259 certiores,
1656 215 1722 260 ut,

255 269 292 305 si
323 265 428 319 quid
456 266 539 305 tibi
565 278 672 318 opus
698 266 770 315 sit,
790 278 844 303 ne
868 263 1076 310 dubitent
1092 262 1202 301 mihi
1222 263 1321 301 iure
1344 275 1423 301 suo
1446 261 1719 304 denuntiare.

213 315 317 361 2M.
348 322 579 371 Bolanum,
622 321 770 359 virum
800 320 963 358 bonum
995 325 1037 357 et
1072 320 1233 357 fortem
1274 323 1318 356 et
1357 314 1559 356 omnibus
1590 319 1721 357 rebus

254 382 460 416 ornatum
503 388 735 427 meumque
772 381 971 414 veterem
1013 375 1220 423 amicum,
1262 373 1346 411 tibi
1384 385 1542 427 magno
1585 387 1720 426 opere

254 430 525 471 commendo.
584 431 845 486 Pergratum
875 430 985 468 mihi
1015 429 1188 476 feceris,
1219 429 1257 466 si
1288 430 1475 478 curaris,
1506 435 1556 467 ut
1585 430 1622 468 is
1652 430 1720 467 in-

254 488 441 542 telligat,
494 487 606 525 hanc
650 485 1075 525 commendationem
1121 485 1206 524 sibi
1258 496 1416 538 magno
1464 484 1719 524 adiumento

255 544 414 581 fuisse:
463 543 693 593 ipsumque
738 543 887 580 virum
933 538 1149 593 opti-'mum
1202 539 1590 594 gratissimumque
1646 553 1719 577 co-

254 610 447 654 gnosces.
504 597 721 635 Promitto
751 597 850 647 tibi,
886 603 929 635 te
970 609 1021 635 ex
1062 596 1155 634 eius
1185 595 1381 633 amicitia
1410 603 1611 649 magnam
1640 607 1719 633 vo-

211 647 467 705 31uptatem
497 666 588 691 esse
619 658 862 704 capturum.
907 652 1142 690 Praeterea
1172 663 1196 689 a
1225 656 1268 688 te
1298 656 1399 702 peto
1430 651 1477 687 in
1506 651 1719 689 maiorem

253 707 431 746 modurn
459 720 542 760 pro
572 714 724 745 nostra
753 709 951 745 amicitia
982 713 1026 745 et
1068 718 1150 759 pro
1193 711 1267 743 tuo
1310 711 1525 758 perpetuo
1568 707 1613 742 in
1650 719 1720 743 me

252 762 415 813 studio,
457 769 507 801 ut
537 763 583 800 in
612 763 694 801 hac
730 776 779 801 re
819 764 951 802 etiam
997 763 1209 801 elabores.
1267 759 1524 812 Dionysius,
1565 773 1718 800 servus

254 832 389 869 meus,
419 819 494 870 qui
512 831 653 857 meam
675 818 973 857 bibliothecen
997 818 1240 856 multorum
1258 829 1539 854 nummorum
1555 821 1719 855 tracta—

251 876 332 923 vit,
363 887 496 926 quum
526 874 688 911 multos
721 874 859 911 libros
889 873 1180 925 surripuisset
1210 884 1290 909 nec
1320 884 1365 910 se
1395 873 1574 924 impune
1605 871 1719 910 latu-

253 943 348 968 rum
380 935 573 981 putaret,
603 929 788 983 aufugit.
847 928 887 966 Is
919 930 1057 966 estin
1098 927 1331 979 provincia
1371 932 1459 965 tua.
1527 927 1637 965 Eum
1675 932 1718 965 et

252 984 313 1024 M.
345 985 553 1033 Bolanus,
592 984 826 1023 familiaris
865 997 998 1029 meus,
1039 989 1082 1022 et
1120 983 1250 1020 multi
1290 982 1368 1020 alii
1405 980 1613 1020 Naronae
1649 983 1717 1020 vi-

251 1039 431 1078 derunt:
463 1039 539 1078 sed
568 1053 702 1091 quum
732 1052 776 1077 se
807 1050 831 1077 a
861 1052 929 1077 me
950 1040 1263 1077 manumissum
1295 1050 1386 1076 esse
1407 1036 1588 1084 diceret,
1621 1049 1716 1075 cre-

251 1094 472 1133 diderunt.
540 1094 672 1134 Hunc
717 1100 767 1133 tu
814 1094 850 1131 si
887 1094 996 1132 mihi
1035 1091 1356 1133 restituendum
1394 1093 1582 1143 curaris,
1629 1105 1717 1130 non

251 1163 425 1203 possum
457 1148 621 1199 dicere,
661 1162 790 1201 quam
819 1150 930 1187 mihi
959 1156 1135 1205 gratum
1165 1150 1365 1187 futurum
1395 1149 1465 1186 sit.
1509 1147 1594 1187 Res
1623 1149 1719 1200 ipsa

251 1219 404 1258 parva,
435 1204 511 1243 sed
542 1206 678 1243 animi
709 1206 795 1243 mei
826 1204 956 1243 dolor
985 1217 1167 1260 magnus
1199 1210 1276 1243 est.
1334 1200 1421 1242 Ubi
1451 1204 1508 1241 sit
1538 1209 1580 1242 et
1611 1202 1717 1255 quid

250 1262 348 1299 fieri
378 1262 531 1313 possit,
560 1261 751 1299 Bolanus
783 1266 826 1299 te
857 1259 1046 1300 docebit.
1113 1260 1203 1315 Ego
1242 1261 1278 1298 si
1308 1257 1533 1297 hominem
1563 1271 1645 1311 per
1673 1265 1716 1296 te

249 1316 521 1368 reciperaro,
551 1329 718 1355 summo
749 1329 817 1355 me
847 1328 871 1354 a
901 1322 944 1355 te
973 1316 1185 1355 beneficio
1217 1317 1422 1354 affectum
1445 1313 1714 1354 arbitrabor.

371 1489 685 1552 EPISTOLA
722 1504 911 1552 Dcxx.
959 1503 1041 1563 (ad
1078 1504 1178 1551 Aa„
1215 1501 1346 1551 XIII.
1383 1505 1463 1553 35.
1500 1501 1601 1561 36.)

318 1591 401 1627 Ser.
429 1593 471 1626 in
495 1593 715 1626 Tusculano
744 1593 853 1628 Vm.
880 1593 934 1627 Id.
963 1593 1067 1628 Sext.
1093 1594 1136 1628 A.
1163 1594 1208 1629 U.
1237 1592 1276 1627 C.
1303 1594 1384 1628 709.
1429 1594 1476 1633 (a.
1504 1592 1543 1626 C.
1569 1592 1644 1634 45.)

248 1665 304 1698 De
330 1665 426 1699 urbe
453 1676 524 1708 per
551 1664 830 1698 Atheniensem
859 1665 1053 1708 quendam
1080 1664 1260 1712 augenda.
1289 1667 1320 1699 1.
1361 1664 1408 1698 de
1433 1664 1546 1697 libris
1571 1663 1712 1698 Acade·

415 1713 529 1746 micis
555 1713 723 1746 Varroni
750 1713 857 1746 datis.
886 1715 917 1747 2.
945 1714 991 1746 de
1017 1715 1129 1747 Bruti
1157 1725 1249 1760 erga
1277 1724 1314 1746 se
1341 1722 1483 1747 amore.
1509 1714 1542 1747 3.

747 1780 929 1818 ‘CICERO
956 1782 1137 1819 ATTICO
1163 1784 1199 1818 S.

357 1854 393 1894 O
424 1869 520 1895 rem
550 1856 791 1911 indignam!
834 1856 1022 1897 Gentilis
1059 1863 1160 1897 tuus
1198 1858 1354 1897 urbem
1383 1863 1538 1912 auget,
1582 1870 1711 1911 quam

551 1937 618 1944 -.-

245 1979 330 2013 den⁴
358 1998 404 2004 —
431 1982 509 2013 iure
534 1992 610 2021 suo,
639 1979 683 2012 da
711 1980 765 2012 sie
793 1980 887 2013 dazu
912 1980 1179 2014 vollkommen
1206 1980 1426 2030 berechtigt
1452 1981 1546 2016 sind.

339 2029 445 2063 2-3.
498 2041 589 2062 omn.
623 2029 690 2061 reb.
731 2034 866 2065 ornat..
902 2029 1016 2062 einen
1051 2030 1092 2061 in
1129 2030 1238 2063 ieder
1271 2031 1452 2063 Hinsicht
1486 2028 1709 2064 stattlichen

246 2077 370 2109 Mann.
394 2095 440 2101 —-
459 2079 549 2109 mai.
576 2080 612 2110 in
638 2077 748 2117 nmd„
776 2077 1014 2124 inst'a'ndigst.
1036 2095 1081 2102 ·-—
1098 2080 1234 2115 studio,
1262 2077 1534 2127 Geffllligkest,
1554 2078 1710 2111 Dienst-

245 2125 351 2156 eifer.
381 2143 424 2149 —
451 2125 735 2166 ut...elal10res,
765 2124 843 2157 dass
871 2126 929 2157 Du
957 2125 1059 2158 Dich
1086 2126 1183 2158 auch
1210 2126 1416 2173 folgender
1435 2126 1556 2160 Sache
1583 2132 1708 2160 ernst-

245 2171 325 2203 lich
351 2171 569 2205 annehlnen
595 2171 758 2205 wollest.
776 2191 815 2196 -
841 2175 1041 2206 multorum
1067 2186 1309 2215 nummorum,
1340 2174 1403 2208 die
1430 2174 1507 2207 mir
1532 2174 1619 2207 Viel
1645 2186 1709 2222 ge-

244 2219 368 2252 kostet
395 2219 473 2260 hat,
503 2220 687 2254 kostbare.
715 2239 760 2244 -—
786 2226 909 2261 tract„
935 2226 1050 2254 unter
1076 2222 1236 2255 H'finden
1278 2221 1415 2269 gehabt
1447 2221 1561 2255 hatte.
1594 2240 1638 2247 -
1673 2235 1708 2256 se

243 2271 329 2311 imp.
357 2269 437 2307 lat„
479 2267 557 2299 dass
591 2280 627 2301 es
663 2267 746 2300 ihm
783 2270 996 2316 ung-estraft
1034 2268 1230 2317 hingehen
1264 2271 1404 2304 werde.
1449 2288 1493 2295 —
1536 2270 1708 2304 Naronae

244 2316 284 2347 in
311 2315 450 2347 finibus
477 2315 701 2350 Dalmatiae.
756 2316 844 2350 Vid.
873 2317 971 2350 Plin.
1000 2317 1046 2349 H.
1071 2319 1118 2354 N.
1139 2319 1211 2359 111,
1232 2320 1290 2353 22.
1319 2337 1356 2343 -
1387 2331 1562 2359 manum„
1588 2318 1706 2351 liber-

243 2368 317 2396 tate
347 2363 542 2396 donatum.
572 2380 613 2387 —
642 2367 760 2397 restit.
790 2377 923 2405 carcer„
960 2364 1070 2397 dafiir
1095 2371 1273 2412 sorgtes't,
1316 2366 1395 2398 dass
1424 2365 1488 2398 ich
1514 2365 1583 2398 ihn
1609 2367 1705 2399 wie-

243 2412 312 2444 der
338 2411 377 2443 in
406 2410 530 2444 meine
557 2410 707 2445 Gewalt
743 2412 909 2445 bek'a'me.
946 2432 993 2438 —-
1026 2415 1143 2454 dolor,
1178 2414 1282 2447 mein
1310 2413 1502 2450 Verdruss
1529 2414 1702 2448 dariiber.

243 2477 286 2484 —
315 2465 348 2491 te
374 2459 461 2498 doc„
488 2458 591 2491 wird
618 2459 690 2491 Dir
715 2459 879 2493 Bolanus
905 2460 1163 2495 nachweisen.

340 2534 372 2564 1.
425 2532 454 2564 O
481 2543 555 2564 rem
579 2531 793 2576 indignam!
820 2535 858 2565 o!
888 2534 951 2567 des
977 2532 1248 2567 unleidlichen
1266 2532 1459 2567 Einfalls!
1478 2552 1519 2559 —
1549 2535 1705 2567 Gentilis

243 2583 345 2620 tuus,
384 2579 486 2612 Dein
513 2578 767 2613 Landsmann.
820 2581 974 2623 Aliquis
999 2581 1147 2614 Atticus
1179 2582 1244 2614 vel
1270 2581 1519 2615 Atheniensis
1558 2582 1702 2615 artifex

241 2627 489 2666 Geometres,
536 2638 556 2659 a
594 2627 752 2661 Caesare
791 2629 987 2661 adhibitus
1025 2629 1263 2677 designando
1304 2629 1425 2674 spatio
1464 2628 1701 2673 proferendo

240 2674 446 2717 pomoerii.
490 2674 702 2709 GRONOV.
744 2676 844 2708 Eum
882 2676 1072 2723 gentilem
1112 2689 1137 2710 s.
1165 2677 1393 2721 popularem
1421 2675 1543 2710 Attici
1571 2683 1698 2716 vocat,

241 2722 346 2764 quod
373 2721 547 2756 Athenae
586 2723 694 2768 quasi
727 2724 849 2758 altera
884 2724 1087 2769 Pomponii
1113 2725 1237 2759 Attici
1270 2725 1397 2769 patria
1425 2729 1559 2759 essent.
1597 2724 1696 2760 SCH.
