1795 3081
209 90 307 136 240
474 85 540 134 Μ.
576 86 629 135 Τ.
668 83 1009 134 CICERONIS
1044 82 1427 138 EPISTOLAE.

205 201 555 262 μεθαρ,ιιόσο,ιιαι
593 206 639 244 in
676 213 903 259 posterum
943 219 1078 262 genus
1115 204 1200 246 hoc
1239 220 1545 260 personarum.
1603 209 1676 250 In-

208 261 424 302 credibile
454 268 534 312 est,
574 275 703 313 quam
732 276 782 301 ea
826 261 1003 315 quidam
1041 263 1285 313 requirant.
1356 264 1424 303 Ad
1468 266 1674 318 antiquos

206 319 370 373 igitur:
410 310 675 371 ἀνεμέσητον
703 313 799 372 γάρ.
869 317 997 356 Nihil
1036 316 1191 367 habeo,
1232 317 1288 356 ad
1325 325 1369 358 te
1411 320 1528 372 quod
1571 334 1674 373 per-

205 374 418 412 scribam:
449 371 524 411 sed
553 378 698 411 tamen
735 374 909 411 institui
941 371 1139 424 quotidie
1171 374 1363 424 mittere,
1407 381 1458 414 ut
1496 376 1674 415 eliciam

204 434 303 467 tuas
344 428 524 475 literas3
569 439 656 465 non
704 440 788 479 quo
838 426 1009 480 aliquid
1051 440 1103 466 ex
1157 428 1212 466 iis
1265 436 1540 482 exspectem3
1595 430 1673 470 sed

204 484 351 522 nescio
384 496 469 534 quo
499 481 629 520 modo
661 488 808 521 tamen
838 489 1055 534 exspecto.
1116 481 1262 533 Quare
1291 485 1384 524 sive
1410 485 1542 525 habes
1564 484 1671 539 quid

203 539 297 578 sive
326 538 441 577 nihil
470 536 617 588 habes,
648 537 794 577 scribe
823 544 968 578 tamen
997 536 1168 591 aliquid
1197 545 1326 592 teque
1357 553 1477 580 cura.

359 707 682 758 EPISTOLA
717 706 942 756 DXXlX.
1007 705 1087 766 (ad
1122 707 1223 756 ΑΗ.
1260 708 1369 758 XII.
1405 710 1507 770 13.)

348 797 430 832 Ser.
456 798 616 832 Asturae
641 809 770 832 mense
797 797 933 829 Martio
962 795 1006 832 A.
1033 797 1078 831 U.
1107 795 1147 830 C.
1177 799 1258 833 709.
1302 799 1352 840 (a.
1380 798 1419 834 C.
1446 799 1524 840 45.)

200 869 257 904 De
283 870 433 904 Atticae
459 869 704 911 valetudine3
745 869 791 902 de
818 867 927 901 Bruti
953 867 1106 909 literis;
1146 868 1191 902 (le
1230 869 1338 902 luctu
1373 881 1450 905 suo.
1479 873 1511 905 1.
1549 869 1594 904 de
1627 881 1666 904 se

201 918 303 963 apud
330 917 535 962 Apuleium
563 929 765 961 augurem,
801 916 903 960 quod
928 915 974 948 ad
1000 927 1134 949 cenam
1171 916 1366 950 aditialem
1401 929 1479 951 non
1518 918 1665 961 veniat,

279 966 518 1007 excusaud03
547 965 592 998 de
620 965 793 1002 Cocceio,
819 969 861 996 ut
888 964 1091 1008 pecuniam
1118 964 1252 1003 solvat,
1278 965 1518 1010 appellando.
1545 967 1583 1003 2.

706 1037 753 1071 cl
761 1036 888 1070 GERO
918 1035 1097 1071 ATTICO
1124 1034 1160 1071 S.

311 1110 573 1151 Commovet
601 1123 670 1150 me
697 1109 870 1157 Attica3
917 1109 999 1148 etsi
1030 1109 1247 1148 assentior
1277 1109 1476 1150 Cratero.
1533 1108 1663 1148 Bruti

200 1167 375 1217 literae,
406 1167 599 1219 scriptae
630 1172 673 1205 et
701 1164 944 1218 prudenter
974 1170 1017 1203 et
1045 1166 1201 1215 amice,
1244 1165 1404 1203 multas
1445 1163 1555 1202 mihi
1595 1170 1662 1203 ta·—

198 1235 299 1260 men
329 1222 536 1261 lacrimas
565 1221 825 1260 attulerunt.
883 1219 960 1258 Me
983 1219 1090 1258 haec
1111 1219 1303 1258 solitudo
1334 1221 1477 1258 minus
1507 1221 1663 1257 stimu-

198 1278 277 1328 lat,
308 1290 437 1329 quam
467 1278 551 1315 ista
595 1276 842 1315 celebritas,
901 1274 978 1314 Te
1015 1288 1151 1313 unum
1188 1274 1419 1323 desider03
1455 1274 1531 1313 sed
1559 1275 1662 1314 lite-

199 1334 262 1372 ris
291 1345 380 1371 non
411 1330 638 1370 difficilius
667 1337 786 1382 utor,
817 1343 948 1383 quam
985 1330 1023 1369 si
1062 1329 1182 1369 domi
1221 1342 1380 1369 essem:
1427 1327 1565 1368 ardor
1593 1335 1660 1369 ta-

196 1456 239 1489 in
265 1456 375 1489 libris
402 1456 447 1489 de
475 1455 645 1496 Oratore,
674 1455 716 1487 in
745 1454 888 1488 Catone
925 1459 962 1487 et
995 1453 1136 1490 Laelio.
1171 1454 1350 1490 MANUT.
1383 1453 1661 1503 μεθαρμόσομαι

192 1514 243 1536 t:
268 1503 523 1545 commutabo,
550 1503 596 1535 ad
622 1503 712 1536 alias
738 1514 920 1548 personas
946 1504 1249 1536 transferam.——
1272 1505 1474 1549 requirant,
1502 1504 1660 1548 cupiant

195 1552 383 1595 loquendi
410 1557 535 1596 partes
562 1551 604 1583 in
630 1551 724 1584 meis
750 1551 860 1584 libris
887 1550 959 1583 sibi
985 1550 1098 1583 tradi.
1128 1569 1172 1575 —-
1199 1550 1407 1596 ἀνεμέσητον
1438 1550 1520 1597 γάρ,
1554 1557 1659 1584 caret

195 1601 303 1634 euim
330 1600 500 1640 invidia5
539 1599 723 1632 inducere
756 1604 931 1632 veterum
958 1608 1138 1642 personas
1165 1599 1273 1631 nulla
1300 1604 1354 1632 est
1380 1599 1538 1633 invidia.
1591 1598 1658 1632 Sic

195 1646 414 1692 ἀζηλότυπον
440 1647 486 1680 ad
510 1647 626 1681 Attio.
653 1647 756 1688 XIII,
785 1649 838 1682 18.
865 1648 1075 1680 CORRAD.
1103 1664 1150 1670 ·—
1175 1651 1318 1680 mittere
1354 1646 1483 1680 literas
1523 1646 1568 1679 ad
1604 1652 1656 1682 te.

192 1716 242 1722 -—
269 1709 308 1730 ex
334 1699 392 1730 iis.
428 1695 493 1729 Sic
520 1695 591 1727 Md.
620 1696 676 1728 his
704 1696 799 1729 Cett.
832 1714 880 1719 —-
912 1695 1008 1728 nihil
1030 1694 1146 1728 hahes.
1185 1706 1260 1728 om.
1294 1707 1329 1728 v.
1367 1697 1464 1740 quid,
1500 1697 1572 1728 sive
1597 1698 1658 1727 ni-

192 1746 250 1780 hil
273 1746 379 1778 habes
405 1744 476 1777 Md.
504 1743 620 1776 Oxon.
649 1745 684 1777 2.
710 1746 781 1776 sive
806 1744 926 1782 habes,
958 1746 1029 1776 sive
1054 1754 1124 1775 non
1150 1743 1233 1777 Asc.
1261 1746 1292 1777 1.
1330 1742 1428 1777 Crat.
1473 1744 1658 1777 Nostrum

192 1794 386 1838 supplem.
413 1791 552 1824 habere
578 1790 731 1824 videtur
758 1792 871 1825 Oxon.
900 1794 934 1825 1,
969 1791 1091 1824 Habet
1117 1792 1247 1839 Margo
1276 1791 1373 1825 Crat.
1413 1792 1485 1826 ΟΒ.
1521 1809 1568 1814 -
1605 1795 1656 1824 te-

192 1855 259 1889 que
284 1854 386 1882 cura,
412 1837 491 1872 und
517 1849 628 1886 sorge
653 1839 717 1871 fiir
742 1839 843 1873 Dein
868 1838 1091 1874 Wohlseiu.

289 1916 320 1947 1.
374 1913 552 1945 Commov.
578 1921 633 1944 me
658 1911 781 1944 Attica
808 1911 833 1945 i.
860 1922 890 1944 e.
917 1910 1100 1944 sollicitat
1133 1921 1194 1944 me
1219 1907 1324 1943 filiae
1350 1914 1437 1943 tuae
1462 1909 1658 1945 valetudo.

190 1962 228 1996 S.
256 1973 305 1994 zu
331 1972 390 2006 ep.
418 1960 517 1992 DXV
554 1971 615 1992 am
650 1959 760 1993 Ende
797 1959 877 1992 und
904 1958 1138 1998 CCCCLIH,
1164 1961 1197 1996 3,
1241 1977 1277 1983 -
1318 1959 1485 1997 Cratero,
1526 1957 1654 1991 ihrem

189 2011 320 2050 Arzte,
359 2006 529 2042 n'a'mlich
556 2007 680 2047 dariu,
722 2007 802 2040 dass
842 2006 926 2040 ihre
953 2006 1263 2051 Unp‘zisslichkeit
1300 2016 1377 2039 von
1411 2005 1554 2039 keinen
1588 2017 1656 2052 ge-

187 2057 412 2091 fahrlichen
447 2055 599 2101 Folgen
635 2056 715 2089 sein
755 2055 898 2088 werde.
950 2055 1076 2088 Ueber
1124 2054 1253 2088 diesen
1294 2052 1523 2088 beriihmten
1560 2054 1656 2086 Arzt

187 2118 261 2139 zur
286 2104 371 2138 Zeit
408 2104 471 2137 des
507 2103 644 2137 Cicero
684 2103 761 2136 und
795 2104 987 2151 Augustus
1022 2115 1047 2135 s.
1076 2102 1207 2136 Horat.
1237 2101 1310 2135 Sat.
1339 2102 1388 2143 ΙΙ,
1414 2105 1448 2139 3,
1475 2104 1541 2136 161
1569 2100 1653 2134 und

188 2154 340 2187 Persius
366 2152 440 2186 Sat.
469 2152 539 2191 ΙΙΙ,
567 2154 623 2186 65.
653 2171 700 2175 -
731 2153 852 2192 Bruti,
888 2151 957 2183 der
989 2149 1069 2183 ihm
1097 2161 1173 2183 von
1207 2150 1274 2183 der
1306 2149 1469 2183 Provinz
1497 2149 1651 2182 Gallien

184 2201 260 2236 her
284 2213 422 2248 weg-en
450 2199 513 2232 des
539 2198 660 2232 Todes
693 2200 819 2234 §einer
845 2198 974 2232 Tullia
1007 2197 1228 2231 schriftlich
1266 2198 1347 2231 sein
1374 2197 1519 2230 Beileid
1544 2195 1652 2230 hatte

184 2262 233 2284 zu
260 2249 459 2283 erkennen
485 2247 668 2294 gegeben,
710 2268 743 2272 ο
784 2251 945 2291 scriptae
978 2246 1074 2279 kurz
1101 2251 1144 2279 st.
1173 2246 1344 2289 quamvis
1370 2245 1535 2289 scriptae
1562 2250 1652 2276 sunt

179 2300 380 2344 prudenter
406 2301 440 2330 et
466 2298 592 2335 amice,
629 2296 698 2327 mit
731 2295 799 2329 cler
831 2295 1112 2328 behutsamsten
1138 2293 1361 2339 Schonung.
1399 2313 1439 2318 -—
1477 2293 1650 2333 solitudo,

184 2348 226 2380 in
253 2358 325 2390 qua
350 2344 416 2377 hic
442 2343 554 2377 lateo.
593 2341 703 2376 Nach
729 2343 886 2377 Tullia's
910 2342 1014 2375 Tode
1036 2352 1106 2389 zog
1123 2342 1203 2373 sich
1230 2341 1364 2374 Cicero
1391 2351 1478 2373 vom
1505 2340 1650 2373 Tuscu-

183 2396 271 2428 ]ano
300 2393 399 2426 uach
425 2392 519 2425 Rom
547 2391 625 2423 und
652 2403 728 2424 von
756 2391 849 2424 Rom
879 2389 979 2424 nach
1006 2390 1090 2423 (lem
1120 2389 1216 2421 Park
1243 2389 1306 2422 des
1331 2388 1487 2421 Attikus
1514 2389 1555 2420 in
1580 2388 1651 2421 der

183 2443 293 2476 N'zihe
320 2441 388 2474 (ler
414 2439 639 2494 Hauptstadt
667 2440 822 2472 zuriiek.
856 2439 966 2474 VVeil
993 2438 1071 2470 ihm
1101 2438 1189 2470 aber
1215 2435 1311 2469 auch
1330 2436 1419 2468 hier
1438 2436 1500 2468 die
1521 2446 1649 2483 grosse

183 2493 321 2538 Ἤρης-ε*
361 2489 429 2522 der
461 2487 630 2533 leudigeu
669 2488 829 2520 Tr'oster
860 2484 1141 2519 beschwerlich
1175 2482 1253 2523 fiel,
1293 2483 1457 2529 verbarg
1496 2493 1538 2516 er
1563 2482 1647 2515 sich

183 2540 267 2572 eine
294 2538 474 2583 Zeitlang·
500 2536 540 2568 in
567 2535 649 2568 sein
674 2535 850 2580 Laudgut
877 2536 944 2567 auf
967 2534 1034 2567 der
1061 2533 1163 2567 Iusel
1183 2532 1332 2572 Astura,
1361 2531 1420 2564 die
1448 2531 1516 2563 der
1535 2528 1645 2564 Fluss

183 2587 303 2620 dieses
331 2588 497 2620 Namens
526 2584 583 2615 bei
612 2583 751 2616 §vinem
780 2582 946 2616 Ausflnss
975 2582 1015 2614 in
1042 2582 1104 2614 (las
1132 2579 1423 2625 Tyrrhenische
1447 2580 1550 2610 Mem·
1574 2575 1646 2610 bil-

181 2635 279 2667 ‹letm
309 2652 352 2659 —-—
377 2636 547 2667 stimulat
575 2631 595 2663 i.
626 2643 655 2663 e.
685 2631 828 2664 doloris
856 2643 915 2663 me
942 2630 1132 2663 admonet.
1154 2644 1200 2652 -2
1212 2630 1331 2661 literis
1355 2640 1427 2660 non
1448 2625 1524 2670 ‹Izff
1551 2631 1646 2663 utor,

178 2694 255 2715 von
284 2682 368 2715 dem
396 2682 528 2714 Smdio
557 2679 625 2712 der
651 2677 980 2712 wir-<enschaften
1009 2677 1132 2710 mach'
1160 2673 1223 2708 ich
1248 2684 1296 2708 z‘u
1324 2674 1493 2708 meinem
1511 2673 1648 2706 Troste

180 2731 275 2764 eben
308 2742 346 2764 so
383 2725 635 2775 bei-eitwillig
669 2726 884 2760 Gebrauch.
924 2726 1009 2773 vgl.
1047 2726 1118 2759 deu
1144 2725 1238 2772 solg.
1266 2724 1327 2757 Br.
1357 2725 1387 2763 §.
1414 2725 1449 2757 3.
1477 2740 1523 2746 -—
1550 2723 1648 2754 domi

1783 231 1785 247 J
