1795 3081
516 11 832 63 EPISTOLA
867 12 1084 63 DXCIX.
1117 12 1223 62 Dc.
1509 16 1604 64 355

140 133 243 175 dum
276 141 392 188 puta.
448 133 546 175 Scis
587 147 728 174 meam
771 134 994 174 fortunam
1033 136 1179 174 nescio
1219 132 1438 189 quomodo
1476 135 1608 177 facile

140 191 458 231 obtrectatores
486 192 702 238 invenire,
733 203 822 229 non
852 202 948 228 meo
979 189 1170 242 quidem,
1203 190 1481 239 mehercules,
1514 204 1608 230 rne—

142 248 252 286 rito:
284 246 359 287 sed
389 247 539 299 quanti
560 244 607 284 id
627 246 780 295 refert,
809 245 846 283 si
865 252 1009 284 tamen
1034 248 1120 284 fato
1141 248 1287 285 nescio
1311 257 1397 299 quo
1416 245 1606 285 accidit?

140 300 188 341 Si
219 303 296 355 qui
328 303 441 340 forte
470 302 619 345 fuerit,
652 302 727 352 qui
757 305 934 341 nostrae
955 299 1158 355 dignitati
1179 301 1327 340 obesse
1352 300 1474 349 velit,
1506 307 1606 354 peto

138 370 163 395 a
194 363 256 402 te,
302 364 352 396 ut
382 363 500 395 tuam
529 354 888 394 consuetudinem
920 359 962 394 et
999 355 1302 395 liberalitatem
1340 358 1386 395 in
1426 369 1494 395 me
1532 357 1607 395 ab-

139 419 260 451 sente
299 410 569 451 defendendo
606 410 715 448 mihi
752 415 958 466 praestes.
1016 410 1193 449 Literas
1229 409 1283 449 ad
1318 418 1515 451 senatum
1553 410 1607 450 de

139 467 270 506 rebus
300 468 460 505 nostris
490 466 637 519 gestiS,
669 478 755 517 quo
782 465 978 518 exemplo
1001 466 1219 514 miseram,
1250 467 1366 505 infra
1395 466 1478 505 tibi
1508 479 1608 518 per-

139 523 311 574 scripsi.
382 519 562 560 Dicitur
604 520 712 558 mihi
753 526 851 558 tuus
895 533 1049 560 servus
1094 527 1347 574 anagnostes
1390 522 1649 575 fugitivus2

140 590 242 615 cum
272 576 486 616 Vardaeis
517 584 633 625 esse3
678 573 730 614 de
761 588 846 627 quo
876 582 922 614 tu
952 576 1060 614 mihi
1099 576 1210 614 nihil
1245 576 1482 615 mandasti:
1528 589 1607 632 ego

139 637 308 680 tamen,
347 639 467 670 terra
497 632 694 683 marique
723 637 774 669 ut
803 632 1165 684 conquireretur,
1197 631 1533 682 praemandavi;
1566 638 1611 671 et

140 687 337 739 profecto
376 687 460 725 tibi
490 687 612 724 illum
643 686 885 738 reperiam,
927 687 1013 725 nisi
1042 687 1080 724 si
1109 687 1155 724 in
1185 683 1447 725 Dalmatiam
1479 687 1609 726 aufu-

0 697 7 787 l
141 743 272 781 oerit:
308 748 353 781 et
381 741 483 781 inde
513 748 660 780 tamen
691 740 927 793 aliquando
957 754 1120 781 eruam.
1172 741 1243 781 Tu
1272 754 1350 781 nos
1380 742 1448 780 fac
1476 755 1606 781 amet-3.

158 798 161 799 ⁷
187 797 265 836 ale.
322 797 373 837 A.
406 796 445 836 d.
476 796 533 835 V.
564 794 665 835 Idus
697 797 930 847 Quintiles,
962 810 1013 835 ex
1043 798 1214 845 castris,
1245 796 1441 836 Narona.

1 858 6 953 l
358 896 682 947 EPISTOLA
717 899 821 945 DC.
893 897 975 956 (ad
1009 899 1115 948 Att.
1153 899 1287 947 XIII.
1325 900 1393 957 8.)

140 976 222 1014 Ser,
257 976 300 1009 in
325 975 546 1010 Tusculano
573 986 603 1009 a.
631 974 666 1008 d.
693 974 762 1009 IV.
790 974 845 1008 ld.
875 975 1037 1016 Quinta.
1065 976 1108 1009 A.
1137 977 1184 1010 U.
1212 976 1252 1010 c.
1279 979 1361 1012 709.
1388 977 1437 1017 (a.
1462 976 1502 1010 c.
1531 978 1608 1019 115.)

379 1046 557 1081 Breviter
578 1046 766 1080 nonnulla
791 1046 834 1079 ab
857 1047 983 1080 Attico
1007 1048 1178 1081 curanda
1203 1048 1367 1083 mandat.

644 1118 826 1152 CICERO
854 1117 1033 1152 ATTICO
1060 1118 1096 1153 S.

250 1191 379 1232 Plane
409 1191 522 1231 nihil
553 1197 662 1242 erat,
692 1191 810 1244 quod
840 1190 894 1230 ad
924 1198 967 1231 te
995 1192 1252 1233 scriberem.
1323 1192 1461 1233 Modo
1493 1195 1610 1234 enim

0 1143 10 1274 i
141 1271 223 1303 sein
251 1269 356 1301 Heer
389 1280 478 1300 zum
515 1269 731 1310 Imperator
771 1268 1003 1313 ausgerusen
1037 1266 1157 1301 hatte.
1187 1287 1230 1293 -—·
1265 1282 1383 1302 meam
1409 1269 1611 1314 fortunam

140 1319 203 1352 τοῦ
230 1319 387 1351 invenire
414 1320 505 1349 statt
533 1314 779 1352 inveniendi,
807 1315 892 1354 „Du
920 1313 1062 1348 kennst
1090 1316 1153 1348 das
1180 1317 1259 1349 mir
1285 1317 1419 1364 eigene
1447 1317 1609 1351 Schick-

142 1366 218 1405 sal,
247 1364 327 1397 dass
354 1363 421 1396 ich
450 1374 487 1396 so
514 1362 640 1395 leicht
668 1362 979 1403 Verkleiuerer,
1022 1363 1351 1410 Verunglimpfer
1383 1366 1522 1397 findef‘
1571 1366 1607 1400 S.

140 1414 236 1447 iiber
280 1413 314 1445 d.
350 1411 501 1445 Infinit.
543 1416 632 1443 statt
667 1410 730 1443 des
767 1410 960 1444 Gerundii
997 1410 1151 1444 Ramsh.
1181 1411 1332 1453 §.,168‚
1371 1414 1422 1453 A,
1461 1414 1548 1448 Not.
1578 1417 1610 1448 1.

144 1461 293 1498 Grotef.
324 1462 354 1501 §.
382 1462 482 1500 305.)
532 1458 644 1492 Diese
685 1459 860 1492 konnten
899 1458 983 1490 ihm
1025 1459 1083 1492 bei
1119 1461 1267 1492 seinem
1304 1461 1482 1494 Gesuche
1521 1462 1611 1496 sehr

142 1508 325 1542 schaden.
378 1506 541 1541 Gleiche
567 1507 792 1553 Besorgniss
819 1505 963 1552 hegten
992 1507 1090 1540 einst
1116 1507 1263 1552 Appius
1281 1508 1448 1542 Pulcher
1476 1511 1520 1549 (s,
1550 1522 1610 1554 ep.

140 1558 224 1597 222,
249 1558 336 1596 2⁷49)
362 1568 397 1587 u.
426 1554 562 1588 Cicero
591 1555 650 1587 bei
677 1554 859 1601 gleicher
891 1555 1187 1601 Veranlassung.
1206 1574 1250 1579 —-
1278 1559 1422 1592 merito.
1449 1555 1608 1591 Schuld.

139 1624 186 1630 .-.
213 1606 345 1649 quanti
369 1603 409 1636 id
431 1603 564 1647 refert,
595 1602 683 1636 aber
709 1602 806 1637 Was
832 1601 928 1634 hilft
955 1602 1017 1634 die
1044 1603 1258 1638 Unschuld.
1288 1623 1329 1628 —-
1370 1607 1525 1643 accidit,
1567 1613 1612 1639 ut

140 1654 419 1687 obtrectatores
447 1651 698 1684 inveniamus.
735 1668 781 1673 —
824 1650 865 1682 Si
888 1653 959 1694 qui.
1012 1650 1076 1683 Sic
1103 1651 1180 1685 Md.
1214 1651 1311 1685 Vict.
1340 1655 1372 1684 1.
1401 1655 1432 1687 2.
1471 1653 1611 1688 Graev.

141 1704 174 1735 si
199 1704 280 1746 quis
306 1698 433 1733 Ceteri
464 1700 537 1732 ΟΒ.
565 1716 607 1723 —
652 1703 798 1732 nostrae
822 1700 1025 1743 dignitati,
1053 1699 1171 1741 Dem,
1198 1711 1276 1732 was
1304 1700 1434 1733 meine
1459 1701 1611 1735 W'urde

142 1749 314 1789 fordert3
354 1748 432 1780 also
459 1748 546 1781 dem
575 1746 801 1787 VVunsche,
839 1753 883 1780 ut
908 1746 1144 1790 supplicatio
1171 1747 1243 1780 sibi
1270 1759 1290 1780 a
1317 1755 1450 1781 senatu
1477 1749 1612 1782 decer-

143 1803 268 1830 natur.
295 1814 340 1820 —
366 1801 520 1829 consuet.
548 1800 581 1827 ct·
608 1796 706 1829 liber.
733 1801 776 1828 st.
805 1802 1026 1827 consuetam
1054 1792 1346 1828 liberalitatem.
1388 1796 1488 1829 Eine
1504 1797 1610 1830 Hen-

143 1844 288 1888 diadys.
330 1843 364 1877 S.
396 1843 546 1877 Ramsh.
574 1844 600 1886 ξ.
627 1844 710 1883 203.
737 1843 766 1875 I.
793 1842 829 1874 b.
855 1843 892 1882 2,
922 1852 951 1875 c,
982 1841 1009 1882 ξ).
1039 1843 1121 1882 206,
1149 1843 1219 1881 III,
1247 1843 1286 1881 B,
1315 1854 1346 1875 e.
1375 1861 1418 1868 —
1450 1844 1610 1885 Liberem,

144 1892 302 1925 Bericht
335 1890 443 1924 nebst
468 1890 645 1931 Gesu0h3
686 1891 842 1930 literas,
883 1889 1022 1932 quibus
1059 1891 1244 1934 petierat,
1282 1897 1326 1924 ut
1360 1891 1610 1935 imperatoris

142 1941 304 1973 titulum
330 1939 402 1972 sibi
429 1939 473 1972 ab
501 1939 675 1972 exercitu
703 1939 834 1971 datum
863 1943 989 1970 ratum
1017 1937 1208 1971 haberent
1245 1943 1280 1972 et
1307 1939 1612 1982 supplicationes

143 1988 415 2021 decernerent.
443 1988 543 2021 SCH.
572 2005 616 2011 —
650 1999 720 2032 quo
747 1988 905 2030 evemplo
937 1987 1109 2019 miseram
1135 1992 1179 2019 st.
1213 1997 1255 2019 eo
1292 1987 1494 2030 exemplo,
1533 1998 1609 2031 quo

144 2037 347 2075 miseram,
388 2035 429 2067 in
465 2046 637 2083 genauer
664 2034 882 2072 Abschrift‚
924 2033 1002 2067 wie
1041 2033 1106 2066 ich
1135 2034 1197 2066 «las
1224 2033 1533 2068 Sendschreiben
1561 2047 1610 2068 an

144 2084 217 2117 den
246 2081 363 2116 Senat
387 2082 484 2117 habe
510 2082 683 2130 abgehen
709 2083 844 2115 lassen.
895 2081 931 2115 S.
959 2081 1114 2114 Ramsh.
1145 2080 1176 2122 §.
1209 2084 1287 2122 159,
1314 2084 1348 2122 3,
1375 2084 1408 2116 8.
1436 2101 1481 2107 -
1527 2095 1611 2127 per-

142 2135 279 2173 scripsi.
319 2131 562 2178 Mart.-Lag.
589 2134 734 2175 scripsi.
764 2130 901 2163 Cicero
927 2134 1045 2162 setzte
1073 2140 1109 2162 es
1136 2129 1324 2162 wirklich
1352 2130 1497 2171 durch,
1527 2131 1610 2164 dass

144 2180 229 2212 dein
258 2178 439 2214 Vatinius
465 2179 527 2211 die
556 2178 791 2223 supplicatio
818 2176 1040 2210 zuerkannt
1066 2176 1223 2217 wurde3
1264 2178 1355 2210 aber
1381 2178 1513 2211 weder
1538 2178 1610 2212 der

143 2228 272 2267 Brief,
311 2226 441 2260 worin
467 2226 604 2260 Cicero
633 2226 695 2259 das
723 2226 885 2264 meldot,
923 2224 1022 2257 noch
1049 2225 1110 2258 des
1140 2225 1318 2260 Vatinius
1346 2225 1610 2272 Danksagung

145 2276 232 2308 sind
260 2274 362 2308 noch
388 2274 638 2315 vorhanden,
668 2275 730 2306 die
756 2272 967 2307 vielleicht
993 2272 1068 2304 den
1098 2275 1253 2320 Anfang
1280 2275 1343 2306 des
1371 2275 1606 2319 fragmenta-

143 2322 300 2357 rischen
338 2325 418 2358 (349.
446 2321 570 2355 Briefs
604 2322 799 2355 aussiillte.
853 2321 932 2354 Der
956 2322 1037 2355 6'47.
1074 2320 1122 2355 ist
1155 2322 1222 2354 auf
1257 2321 1319 2354 die
1345 2320 1609 2368 Danksagung·

144 2371 208 2404 des
236 2371 416 2404 Vatinius
442 2370 599 2417 erfolgt.

239 2420 274 2452 2.
324 2424 407 2452 ttius
431 2431 550 2451 servus
569 2416 786 2462 Dionysius.
807 2433 843 2439 -
865 2428 944 2450 cum
961 2415 1152 2457 Vardaeis,
1179 2417 1396 2450 Dalmatiae
1419 2415 1606 2460 Illyricae

145 2467 313 2513 populiS.
338 2484 385 2490 ——
426 2478 570 2506 eruam,
598 2465 663 2498 ich
688 2465 777 2498 will
806 2463 875 2496 ihn
902 2464 1136 2498 aufsto'bern.
1185 2465 1272 2510 Vgl.
1300 2475 1357 2508 ep.
1384 2464 1525 2497 DCLV
1552 2464 1607 2497 im

146 2517 235 2549 Anf.
264 2513 427 2555 DCXIX,
455 2516 488 2549 3.
516 2533 561 2538 —
603 2513 642 2546 V.
670 2513 756 2546 Idas
786 2514 986 2555 Quintiles,
1024 2524 1083 2545 arn
1121 2516 1177 2548 11.
1205 2512 1340 2544 lulius.
1369 2531 1415 2535 —
1453 2510 1607 2545 Narona

148 2571 184 2597 et
210 2563 350 2595 fluvius
385 2569 421 2594 et
451 2563 667 2596 castellum.
720 2560 811 2593 Vid.
842 2560 999 2594 Ptolem.
1030 2561 1127 2594 Plin.
1157 2560 1229 2598 ΙΙΙ,
1255 2561 1313 2594 22.
1364 2559 1467 2593 Mela
1492 2559 1545 2600 11,
1570 2562 1593 2594 3

147 2610 352 2645 R'cjmischo
381 2609 542 2643 Colonie
570 2609 673 2642 belm
703 2608 893 2655 heutigen
921 2608 1038 2641 Dorfe
1064 2608 1249 2642 Strucrlie.

242 2663 274 2693 1.
327 2657 446 2698 Plane,
474 2656 824 2703 schlechterdings.
852 2674 895 2681 --
932 2658 1096 2701 triplices
1129 2637 1179 2689 h?
1196 2666 1225 2688 e.
1255 2653 1458 2688 codicillos
1483 2654 1606 2689 trium

1223 2712 1310 2751 23*
