1795 3081
222 63 284 107 <5³1
487 60 549 106 M.
587 60 636 106 T.
678 58 1015 109 CICERONIS
1054 62 1431 114 EPISTOLAE.

223 184 313 221 sine
344 182 434 221 ulla
465 182 718 233 cuiusquam
752 183 929 234 querela
970 184 1148 236 publica
1181 193 1324 239 potest
1363 200 1475 228 esse:
1527 201 1578 227 ea
1616 195 1682 228 est

180 238 275 279 5ad
306 237 381 277 HS
412 252 510 276 xxx.
568 236 654 275 Sed
685 236 736 276 de
767 238 849 276 hoc
879 240 1039 280 Caesar
1068 241 1245 282 viderit.
1305 241 1385 293 Te,
1416 244 1477 282 mi
1507 243 1680 294 Plance,

222 308 302 347 pro
333 299 515 346 paterna
544 292 876 343 necessitudine,
907 308 988 347 pro
1024 302 1173 335 nostro
1205 309 1372 347 amore,
1411 310 1492 350 pro
1522 298 1680 338 studiis

222 356 266 389 et
296 350 415 388 omni
446 361 576 387 cursu
605 355 756 387 nostro
786 351 922 388 totius
950 351 1070 390 vitae
1098 353 1326 392 simillimo
1359 366 1468 408 rogo
1509 360 1552 393 et
1582 367 1607 392 a
1636 360 1680 392 te

221 407 282 444 ita
314 410 430 456 peto,
460 409 509 441 ut
538 405 706 442 maiore
738 416 859 454 cura,
899 406 1067 445 maiore
1105 407 1250 446 studio
1292 408 1459 447 nullam
1499 409 1678 462 possim,

220 466 270 499 ut
299 460 422 497 hanc.
440 471 534 498 rem
565 460 788 511 suscipias,
820 472 959 499 meam
989 467 1113 513 putes
1144 475 1249 513 esse,
1285 465 1470 514 enitare,
1499 470 1679 503 conten·

221 515 312 564 das,
343 515 520 564 efficias,
548 520 599 553 ut
628 526 723 553 mea
754 513 1145 567 commendatione,
1176 524 1252 557 tuo
1285 517 1446 569 studio,
1479 517 1680 558 Caesaris

220 570 434 609 beneficio
473 569 761 609 hereditatem
800 572 1038 623 propinqui
1086 574 1153 611 sui
1193 573 1237 612 C.
1271 573 1426 626 Capito
1467 574 1676 613 obtineat.

221 626 395 675 Omnia,
427 638 536 678 quae
566 626 691 678 potui
721 626 766 663 in
796 625 876 663 1130
905 638 1072 666 summa
1102 634 1177 666 tua
1217 630 1361 683 gratia
1403 642 1453 669 30
1482 631 1679 681 potentia

219 694 243 719 3
274 687 318 720 te
347 682 603 734 impetrare,
633 681 669 718 si
699 681 937 733 petiissem,
965 681 1086 720 ultro
1117 689 1160 721 te
1190 683 1244 721 ad
1273 697 1342 723 me
1363 682 1570 724 detulisse
1599 697 1679 737 pu-

178 739 205 777 6
224 737 339 785 tabo,
372 737 407 774 si
438 737 548 774 113110
579 748 671 775 rem
703 737 1013 788 impetravero,
1058 736 1173 776 Illud
1194 740 1290 778 fore
1314 739 1397 778 tibi
1423 738 1678 779 adiumento

221 803 365 844 spero,
399 793 522 829 cuius
552 793 643 843 ipse
673 790 834 829 Caesar
865 793 1055 843 optimus
1085 805 1175 831 esse
1205 793 1335 832 iudex
1365 801 1528 846 potest:
1569 808 1678 834 sem-

222 861 302 901 por
333 846 560 898 Caesarem
595 846 750 899 Capito
790 846 928 885 coluit
971 853 1014 885 et
1051 846 1219 888 dilexit.
1291 848 1377 888 Sed
1418 851 1510 902 ipse
1549 850 1679 888 huius

223 904 289 941 roi
321 903 443 941 testis
475 909 564 940 est:
597 904 702 941 novi
733 902 921 940 hominis
962 904 1233 942 memoriam.
1292 903 1443 956 Itaque
1478 904 1592 943 nihil
1636 911 1680 943 te

223 958 371 997 doceo.
416 956 608 995 Tantum
639 958 721 996 tibi
750 958 911 995 sumito
942 969 1024 1009 pro
1046 956 1260 1011 Capitone
1290 958 1406 1012 apud
1431 960 1678 1009 Caesarem,

179 1019 430 1066 *Jquantum
460 1013 602 1065 ipsum
632 1013 881 1051 meminisse
910 1013 1081 1052 senties.
1140 1015 1229 1069 Ego
1260 1014 1376 1066 quod
1411 1015 1457 1053 in
1486 1028 1554 1054 me
1583 1016 1680 1067 ipso

221 1070 417 1121 experiri
447 1069 588 1120 potui,
618 1067 672 1106 ad
701 1073 745 1107 te
774 1067 994 1106 deferam:
1033 1069 1078 1106 in
1109 1081 1159 1108 eo
1191 1076 1401 1121 quantum
1431 1071 1487 1108 sit
1515 1068 1679 1123 ponde-

221 1126 298 1174 ris,
329 1130 377 1163 tu
406 1122 589 1162 videbis
649 1122 788 1175 Quam
828 1127 998 1175 partem
1036 1124 1082 1161 in
1125 1125 1380 1177 republica
1419 1138 1680 1177 causamque

219 1178 509 1229 defenderim,
540 1191 619 1231 per
649 1191 755 1231 quos
780 1177 976 1217 homines
1002 1177 1265 1232 ordinesque
1284 1181 1482 1219 steterim
1501 1181 1678 1232 quibus-

220 1293 455 1328 heredi’satis.
485 1294 584 1326 SCH.
612 1312 658 1317 —-
684 1295 722 1326 in
748 1297 909 1327 sextante
935 1299 1017 1327 semi
1044 1297 1075 1327 ii
1109 1300 1194 1333 oet„
1235 1294 1297 1327 das
1335 1294 1471 1341 iibrige
1506 1293 1680 1327 Sochstel

219 1342 268 1374 ist
293 1343 486 1374 Personen
518 1340 730 1382 vermacht,
767 1341 828 1373 die
854 1341 938 1374 sich
968 1341 1073 1374 1110111
1109 1341 1298 1384 1101113Ξο11
1339 1342 1527 1383 k'dnnten,
1562 1353 1678 1375 wenn

219 1401 256 1422 es
285 1401 372 1421 zum
401 1389 532 1422 Fiscus
565 1399 736 1436 gezogen
769 1389 918 1430 w‘xirde,
957 1389 991 1421 d.
1028 1390 1052 1421 i.
1087 1401 1202 1422 wenn
1225 1383 1342 1423 ‘C'zisar
1377 1400 1413 1422 es
1447 1388 1679 1422 confisciren

219 1437 367 1476 welhe,
403 1436 668 1469 vermuthlich
695 1436 787 1469 weil
814 1436 914 1470 diese
942 1436 1197 1470 Nebenerben
1224 1438 1349 1470 1311101·
1375 1437 1545 1470 erkl'arte
1572 1438 1680 1470 Pom-

217 1485 379 1530 peianer
404 1495 547 1517 waren.
583 1503 630 1509 —·
665 1497 705 1518 ea
733 1490 783 1517 est
809 1486 859 1516 ad
890 1485 958 1519 Hs.
986 1496 1084 1526 xxx,
1129 1496 1166 1518 es
1201 1485 1344 1518 bel'ziuft
1384 1485 1467 1517 sich
1503 1485 1568 1517 auf
1597 1484 1680 1518 drei

218 1532 423 1566 lxlillionen
450 1532 656 1565 Sestertien
683 1542 728 1561 z
755 1535 911 1573 300‚000
932 1532 989 1565 Fl.
1010 1532 1161 1567 Rheinl.
1188 1533 1318 1566 Lamb.
1347 1532 1436 1567 liest
1460 1533 1678 1566 HSxxxcn.

218 1599 265 1605 —
292 1582 437 1618 viderit,
464 1579 562 1613 doch
588 1579 651 1614 das
677 1579 795 1614 bleibt
823 1579 963 1613 Gasarn
990 1580 1146 1614 anheim
1174 1581 1341 1628 gestent.

314 1653 349 1686 5.
396 1662 467 1697 pro
490 1656 678 1697 putueo,
725 1651 787 1684 bei
823 1651 892 1684 der
925 1662 1013 1685 vom
1058 1651 1178 1687 vater
1215 1653 1280 1685 auf
1322 1650 1425 1684 Dich
1472 1650 1679 1685 vererbten

220 1699 514 1736 Freundschaft.
563 1698 598 1733 S.
634 1699 669 1733 d.
704 1699 790 1732 Ans.
819 1698 882 1732 des
908 1696 968 1733 Er.
1004 1718 1051 1724 -
1085 1704 1222 1739 nostro,
1265 1700 1393 1732 Lamb.
1437 1705 1596 1733 nostrae.
1632 1718 1679 1723 —

219 1750 359 1781 nullam
393 1748 475 1783 scil.
511 1758 596 1780 rem
635 1752 767 1792 petere
798 1750 944 1791 possim.
994 1747 1058 1781 Sic
1096 1747 1172 1781 Md.
1210 1747 1314 1782 Viet.
1349 1749 1384 1783 2.
1425 1747 1564 1780 Bened.
1608 1760 1680 1781 non

219 1796 365 1838 Lamb.,
400 1801 441 1827 ut
466 1795 565 1829 Libr.
593 1797 659 1830 12.
694 1796 765 1840 Ep.
792 1797 858 1830 24.
897 1795 995 1828 nihil
1023 1796 1142 1832 Luen,
1179 1795 1224 1828 de
1259 1796 1354 1828 Ern.
1390 1806 1488 1839 susp.
1531 1796 1606 1828 OR.
1634 1814 1679 1820 —-

219 1857 291 1878 esse
317 1844 390 1878 del.
419 1842 549 1876 Lamb.
574 1861 621 1868 —
648 1848 711 1876 tuo
735 1845 867 1880 studio,
894 1843 1017 1876 durch
1043 1843 1163 1876 Deine
1190 1842 1484 1889 Verwendung.
1523 1861 1570 1867 -—-
1613 1848 1679 1876 tua

219 1896 350 1937 gratia
376 1903 420 1924 ccc
441 1896 535 1935 pot„
561 1902 635 1935 qua
662 1902 698 1924 es
725 1891 824 1935 apud
850 1890 1063 1932 Caesarem,
1091 1890 1152 1924 bei
1179 1890 1247 1924 der
1272 1902 1429 1937 grossen
1451 1891 1576 1924 Gunst
1600 1890 1681 1923 und

220 1935 628 1985 Vielvern‘logenheit,
663 1939 790 1972 worin
827 1939 885 1972 Du
919 1939 980 1971 bei
1008 1939 1121 1972 C'a'sar
1156 1938 1283 1972 stehst.
1335 1939 1434 1972 Eine
1461 1938 1680 1982 Hendiadys

221 1993 311 2021 stati:
344 1993 408 2020 tua
433 1992 511 2019 tam
546 1987 696 2032 potenti
735 1987 870 2034 gratia.
909 2003 956 2010 —
991 1989 1089 2019 ultro
1116 1996 1161 2017 Ξ
1186 1991 1333 2029 sponte,
1377 1997 1453 2019 non
1487 1992 1679 2033 rogatum,

222 2036 452 2082 ungebeten.
478 2052 525 2058 —
551 2037 676 2076 ‹letul.,
704 2034 762 2067 Du
789 2034 919 2068 habest
944 2033 1050 2067 Alles
1076 2035 1139 2066 fur
1166 2033 1272 2066 mich
1297 2034 1451 2081 gethan.

317 2108 350 2142 6.
400 2107 500 2140 Illud
521 2104 611 2150 fore
643 2107 713 2139 tihi
747 2106 882 2140 adium.
909 2117 1025 2149 spero,
1059 2104 1293 2138 hoffentlich
1328 2105 1428 2139 wird
1454 2105 1526 2139 Dir
1552 2105 1679 2140 Etwas

220 2155 345 2188 hiobei
371 2166 418 2186 zu
443 2154 589 2188 Statten
616 2153 814 2194 kommen,
841 2164 987 2188 wovon.
1013 2172 1058 2177 -
1086 2154 1157 2186 Sed
1178 2156 1266 2198 ipse,
1293 2152 1443 2190 Caesar,
1469 2173 1515 2178 —
1549 2166 1681 2187 memo-

221 2206 332 2243 riam,
370 2202 405 2235 d.
432 2202 456 2235 i.
484 2202 549 2235 ich
575 2201 699 2243 weiss,
738 2200 820 2235 dass
860 2201 991 2235 desson
1019 2201 1293 2235 Ged'eichtnisse
1331 2201 1471 2234 Nichts
1508 2201 1678 2235 entfallt.

222 2251 269 2284 In
297 2251 397 2284 Orat.
425 2260 496 2294 pro
522 2250 652 2297 Ligar.
682 2261 713 2283 0.
742 2251 799 2285 12,
838 2249 971 2283 Cicero
999 2250 1050 2282 ait
1076 2249 1274 2282 Caesarem
1310 2249 1472 2283 oblivisci
1503 2250 1601 2283 nihil
1623 2262 1680 2283 so-

221 2301 292 2332 lere
317 2301 390 2332 nisi
413 2300 582 2331 iniurias.
611 2297 712 2332 SCH.
741 2316 786 2321 --—
818 2298 890 2331 nih.
918 2303 952 2331 te
977 2298 1093 2338 doceo,
1122 2297 1255 2329 darum
1283 2299 1360 2343 sag'
1386 2297 1451 2330 ich
1478 2298 1548 2330 Dir
1573 2295 1680 2329 hier·

221 2347 315 2380 iiber
348 2345 484 2379 Nichts
519 2345 690 2379 n‘a'heres.
725 2364 771 2370 -—-
804 2351 947 2379 tantum
980 2347 1050 2380 tibi
1074 2347 1220 2384 sumito,
1257 2344 1373 2378 suche
1410 2344 1582 2379 desshalb
1618 2344 1679 2377 bei

221 2394 335 2428 C'aszn*
361 2406 408 2426 zu
434 2391 597 2438 Capito's
633 2393 808 2427 Gunsten
840 2406 914 2427 nur
948 2404 986 2427 so
1015 2392 1106 2429 Viel
1133 2392 1292 2439 geltend
1318 2405 1366 2424 zu
1393 2392 1575 2433 machen,
1611 2391 1678 2424 als.

316 2467 348 2502 7.
401 2466 519 2498 acl'te
550 2464 726 2510 deferam,
767 2466 868 2499 Crat.
905 2464 1077 2509 referam,
1114 2465 1177 2497 ich
1211 2464 1294 2497 will
1322 2464 1393 2497 Dir
1419 2463 1606 2498 ero'ffnen.
1637 2483 1678 2487 —

217 2514 404 2559 ponderis,
437 2513 480 2545 in
514 2513 723 2546 Riieksicht
760 2515 826 2545 auf
859 2513 1022 2557 Capito's
1056 2513 1257 2559 Anliegcn.
1293 2530 1338 2536 --
1375 2515 1491 2556 Quam
1521 2517 1680 2556 partem,

222 2561 397 2594 n‘aimlich
448 2560 517 2594 der
558 2561 924 2604 republieanischen
983 2561 1076 2594 oder
1118 2559 1407 2593 senatorischen
1450 2559 1584 2592 Partei.
1632 2578 1679 2584 ——

221 2623 286 2654 per
313 2622 399 2655 quos
426 2609 596 2650 homines,
623 2620 694 2653 per
719 2609 954 2653 Pompeium,
991 2608 1199 2641 Lentulum
1227 2607 1488 2651 Spintherem,
1517 2607 1680 2641 Marcel-

220 2657 301 2690 lum
329 2663 401 2691 cet.
427 2675 473 2681 —
499 2658 642 2691 ordines
668 2658 690 2689 i.
713 2669 742 2690 e.
771 2657 977 2689 maximam
1004 2660 1224 2689 senatorum
1254 2661 1289 2688 et
1316 2655 1489 2699 equitum
1515 2659 1679 2698 partem.

218 2724 263 2731 -
291 2706 464 2749 steterim,
501 2704 565 2739 ich
597 2704 772 2739 aufrecht
807 2704 989 2750 gohalten
1028 2703 1103 2736 hin.
1175 2703 1280 2737 Diess
1316 2701 1466 2737 bezieht
1498 2701 1580 2736 sich
1618 2704 1683 2736 auf
1739 2742 1740 2745 Ἴ
