1795 3081
551 63 867 113 EPISTOLA
902 64 1096 114 DCXII.
1450 72 1540 118 371

97 191 162 224 est
190 185 346 237 aliquis
377 186 421 223 in
452 184 589 223 nobis.
646 183 732 224 Sed
762 191 824 235 tu,
868 183 1088 225 dandosne
1128 193 1250 238 putes
1287 187 1365 226 hos
1406 188 1543 227 libros

97 240 308 290 Varroni,
336 241 472 279 etiam
500 245 628 291 atque
658 241 789 278 etiam
828 238 1011 279 videbis.
1069 240 1184 280 Mihi
1225 241 1435 295 quaedam
1472 256 1543 283 oc->

98 302 305 335 currunt:
344 293 419 334 sed
449 306 498 334 ea
528 306 689 333 coram.

255 491 573 542 EPISTOLA
608 492 802 541 DCXII.
855 487 936 551 (ad
971 493 1072 541 ΑΗ.
1110 492 1244 543 XIII.
1281 495 1382 555 20.)

168 582 247 617 Ser.
276 582 318 615 in
342 580 519 626 Arpinati
544 581 642 625 prid.
670 581 752 615 Kal.
780 580 914 618 sextil,
943 582 983 615 A.
1012 583 1057 616 U.
1084 583 1122 618 c.
1149 586 1229 620 709.
1257 586 1305 627 (a.
1332 587 1371 619 e.
1398 586 1472 626 45.)

93 654 270 688 Breviter
294 652 427 686 scribit
452 652 497 686 de
524 653 639 686 variis
666 652 797 694 rebus;
831 654 871 685 in
905 653 1038 697 primis
1072 664 1109 688 se
1137 654 1183 688 de
1209 656 1316 696 fama,
1341 656 1444 701 >quod
1471 656 1544 690 Ro-

371 711 472 733 mam
500 700 632 734 venire
665 701 775 740 nolit,
804 700 907 733 nihil
933 701 1117 735 laborare..
1156 706 1257 738 1—4.

585 772 759 806 CICERO
796 772 976 806 ATTICO
1014 771 1051 806 S.

203 844 239 883 A
282 843 466 884 Caesare
502 844 656 883 literas
696 846 847 897 accepi
890 846 1222 895 consolatorias,
1263 846 1384 886 datas
1429 847 1541 901 prid.

96 899 196 939 Kal.
224 899 331 938 Mai.
363 899 552 951 Hispali.
611 899 676 938 De
706 900 816 939 urbe
845 900 1042 956 augenda
1075 899 1180 953 quid
1209 902 1266 940 sit
1294 904 1545 958 promulga-

98 962 203 1003 tum,
233 968 320 993 non
338 955 558 994 intellexi:
591 953 636 992 id
665 967 766 993 sane
795 956 910 994 scire
939 957 1086 996 velim.
1145 955 1374 1009 Torquato
1395 965 1546 997 nostra

96 1011 242 1049 officia
271 1016 397 1063 grata
431 1022 520 1048 esse
559 1010 689 1049 facile
726 1010 899 1061 patior:
937 1024 1072 1063 eaque
1112 1023 1273 1065 augere
1308 1019 1396 1050 non
1432 1011 1544 1052 desi-

95 1077 208 1104 nam.
267 1063 349 1114 [Ad
376 1063 676 1120 Ligarianam]
715 1064 767 1102 de
805 1078 943 1104 uxore
972 1065 1222 1106 Tuberonis
1253 1071 1296 1105 et
1323 1065 1584 1123 privigna‚2

93 1134 232 1172 neque
261 1132 435 1171 possum
465 1120 553 1158 iam
582 1118 907 1167 adde1·e‚—est
935 1121 1048 1159 enim
1081 1119 1183 1171 [r'es]
1214 1122 1474 1176 pervulgata
1493 1144 1545 1151 -

93 1188 232 1241 neque
263 1173 544 1213 Tuberonem
572 1175 675 1213 volo
707 1173 940 1214 offendere.
998 1175 1190 1214 Mirifice
1230 1182 1295 1214 est
1323 1178 1438 1215 enim
1469 1190 1545 1230 φι-

93 1229 274 1278 λαιῐιος.
340 1228 584 1268 Theatrum
624 1228 798 1281 quidem
833 1242 934 1269 sane
973 1229 1136 1269 bellum
1169 1230 1374 1270 habuisti.
1437 1230 1586 1288 Eg0,3

94 1361 183 1402 faint
210 1377 247 1400 5ο
276 1363 512 1399 Mancherlei
537 1363 708 1412 dagegen
737 1366 825 1407 ein3
855 1366 938 1398 scil.
967 1377 1037 1398 cur
1063 1376 1139 1399 non
1166 1366 1304 1399 dandos
1329 1373 1471 1412 putem.
1509 1369 1545 1403 S.

95 1428 151 1460 ep,
179 1417 260 1450 613,
286 1415 366 1449 615.
392 1431 440 1437 -
465 1424 608 1455 σοναητς
636 1424 722 1446 nam
750 1414 790 1446 in
815 1413 1030 1447 Tusculano
1058 1424 1135 1447 ero.
1163 1413 1244 1449 Vid.
1274 1425 1331 1459 ep.
1359 1416 1486 1459 DCIV,
1509 1419 1543 1452 4,

95 1463 228 1504 DCV1,
254 1464 288 1497 2.

190 1537 221 1568 1.
274 1533 536 1566 consolatorius
562 1531 607 1564 ob
632 1535 796 1566 mortem
822 1532 936 1566 filiae.
964 1551 1009 1557 —
1035 1533 1110 1566 dat.
1136 1546 1191 1577 pr.
1218 1534 1304 1567 Kal.
1330 1533 1431 1576 Mae,
1456 1546 1546 1570 vom

94 1582 236 1616 letzten
261 1579 375 1624 April
402 1591 466 1612 aus
491 1580 658 1623 Hispalis
683 1579 861 1621 (Sevilla)
890 1580 1014 1614 datirt.
1041 1599 1088 1604 —-
1112 1583 1196 1614 urbe
1220 1584 1397 1627 augenda.
1424 1582 1460 1617 S.
1487 1595 1545 1628 ep.

94 1632 176 1671 593,
202 1631 234 1662 4.
269 1630 348 1662 620.
382 1645 427 1651 -
462 1626 658 1672 Torquato.
697 1627 732 1661 S.
760 1639 815 1672 ep.
842 1627 938 1661 DC1.
967 1631 998 1661 1.
1042 1628 1177 1662 Cicero
1215 1628 1321 1663 hatte
1353 1629 1422 1664 ihn
1459 1630 1546 1665 dem

93 1675 305 1716 Dolabella,
333 1674 443 1707 einer
469 1673 611 1707 damals
637 1674 899 1708 bedeutenden
924 1676 1077 1714 Person,
1103 1676 1338 1720 empfohlen.

185 1737 219 1771 2.
272 1734 348 1778 [Ad
370 1734 627 1779 Ligarianam]
656 1734 864 1768 orationem
892 1739 977 1777 cet„
1004 1742 1100 1773 „zur
1124 1734 1225 1769 Rede
1249 1737 1316 1768 fiir
1341 1736 1415 1771 den
1435 1736 1547 1784 Liga-

94 1784 174 1817 rius
200 1783 305 1815 kann
331 1780 394 1814 ich
421 1782 512 1815 ietzt
539 1781 578 1814 in
605 1782 751 1815 Betreff
772 1782 841 1816 der
860 1782 1096 1815 Gemahlinn
1120 1783 1200 1816 und
1215 1783 1458 1818 Stiefmutter
1482 1786 1546 1820 des

93 1831 242 1865 Tubero
269 1828 408 1862 Nichts
432 1828 546 1862 mehr
570 1829 834 1872 hinzusetzen,
871 1830 965 1863 weil
996 1830 1051 1863 sie
1086 1829 1205 1863 sehon
1232 1831 1273 1863 in
1299 1831 1546 1867 Iedermanns

92 1878 251 1912 H'ainden
288 1877 377 1909 ist.“
425 1876 588 1917 Tubero,
627 1877 695 1910 der
729 1876 833 1910 Sohn
873 1878 978 1911 eines
1013 1878 1266 1911 Verwandten
1291 1890 1369 1912 von
1395 1880 1544 1923 Cicero,

93 1927 198 1960 hatte
219 1925 291 1958 den
308 1923 483 1971 Ligarius
509 1935 580 1957 vor
600 1924 727 1958 C'a‘sars
747 1923 1032 1959 Richterstuhle
1049 1925 1229 1973 verklagt
1250 1926 1328 1959 und
1342 1927 1544 1962 wiinschte

95 1986 188 2014 nun,
219 1973 351 2006 Cicero
380 1971 532 2004 mb'chte
560 1971 607 2004 in‘
627 1972 687 2005 die
712 1971 861 2019 besagte
886 1972 988 2007 Rede
1023 1972 1123 2006 noch
1159 1973 1375 2007 einfliessen
1407 1973 1542 2016 lassen,

95 2033 139 2056 er
164 2021 216 2054 sei
243 2031 318 2053 von
343 2019 468 2052 seiner
493 2019 593 2052 Frau
624 2019 700 2052 und
726 2019 969 2053 Stiefmutter
999 2032 1047 2053 zu
1080 2021 1190 2054 iener
1213 2021 1384 2068 Anklage
1409 2034 1544 2056 veran-

94 2070 185 2103 lasst
218 2067 297 2101 und
333 2066 552 2114 aufgehetzt
587 2067 757 2100 worden.
795 2068 882 2115 Vgl.
917 2079 972 2112 ep.
1007 2067 1136 2110 DCIV‚
1170 2070 1204 2103 2.
1240 2081 1276 2101 ιι.
1303 2069 1431 2105 DCXI.
1480 2069 1544 2104 Sic

96 2116 190 2151 Cdd.
228 2116 373 2150 decurt,
410 2114 573 2149 Crusell.
607 2115 785 2148 Tornaes.
818 2116 949 2162 Margo
977 2115 1079 2149 Crat.
1106 2116 1235 2149 Lamb.
1264 2116 1305 2150 in
1331 2116 1440 2150 Curis
1467 2129 1542 2154 sec.

92 2164 174 2198 Bos.
211 2163 349 2196 GraeV.
386 2161 481 2195 Ern.
520 2163 562 2196 In
586 2164 830 2208 Ligarianam
869 2163 915 2196 de
949 2163 977 2197 Ι.
1013 2164 1076 2199 Fr.
1116 2163 1282 2198 Gronov.
1321 2164 1418 2198 coni.
1453 2164 1542 2198 Sch.

94 2213 191 2245 Liin.
219 2221 290 2244 om.
321 2209 427 2246 haec,
461 2220 555 2252 quae
581 2222 667 2243 sane
695 2222 713 2244 e
740 2211 851 2258 gloss.
890 2211 1157 2255 antiquissimo
1183 2211 1336 2256 optimis
1364 2211 1454 2246 Cdd.
1483 2223 1542 2245 ac-

95 2259 247 2292 cessisse
285 2256 410 2290 videri
447 2264 616 2301 possunt,
655 2258 726 2291 Md.
756 2260 870 2292 Oxou.
900 2262 931 2292 1.
959 2260 992 2293 2.
1034 2258 1132 2293 Edd,
1169 2264 1256 2293 ante
1293 2260 1387 2301 Bos„
1428 2261 1542 2293 etiam

95 2305 224 2342 hamb,
254 2307 326 2339 ΟΒ.
366 2305 459 2348 [res]
488 2311 558 2340 om.
587 2306 659 2339 Md.
689 2306 804 2341 Oxon.
833 2309 864 2339 2.
894 2305 1020 2339 hamb.
1049 2306 1091 2339 in
1117 2307 1217 2340 curis
1243 2318 1330 2349 sec.,
1357 2311 1399 2340 ut
1425 2307 1542 2341 intel-

93 2355 241 2402 ligatur
267 2356 396 2387 oratio.
427 2354 502 2386 ΟΒ.
527 2372 574 2378 -
601 2354 777 2399 offendere
804 2354 849 2387 de
875 2355 969 2388 Ern.
997 2365 1094 2398 susp.
1123 2353 1210 2387 Sch.
1236 2355 1330 2387 Liin.
1356 2353 1543 2397 defendere

95 2402 192 2435 cett.
220 2412 306 2434 cum
331 2400 420 2435 Cdd.
451 2402 524 2434 ΟΒ.
552 2401 740 2446 offendere,
779 2413 894 2434 wenn
921 2413 1009 2434 man
1034 2401 1233 2443 annimmt,
1269 2402 1349 2435 dass
1374 2400 1540 2442 Attikus,

94 2449 149 2482 als
185 2460 228 2482 er
264 2449 364 2482 diese
390 2448 489 2482 Rede
524 2449 679 2496 einigen
717 2451 900 2482 M'a'nnern
937 2449 1075 2489 vorlas,
1110 2460 1183 2483 von
1219 2449 1346 2483 diesen
1380 2449 1540 2496 gebeten

93 2496 240 2537 wurde‚
279 2496 351 2529 deu
377 2496 510 2529 Cicero
537 2496 651 2529 dahin
679 2509 724 2529 zu
751 2497 975 2542 ve1·m'6gen‚
1002 2495 1082 2529 dass
1108 2508 1150 2530 er
1175 2495 1274 2529 noch
1296 2497 1423 2530 Etwas
1449 2496 1542 2530 iiber

92 2544 272 2578 Tubero's
298 2544 397 2576 Fran
423 2544 503 2576 und
528 2543 773 2578 Stiefmutter
806 2543 848 2576 in
883 2544 970 2577 iene
996 2543 1098 2577 Rede
1133 2543 1343 2577 einriicken
1374 2543 1539 2577 miichte.

93 2609 141 2616 —
168 2594 431 2636 φιλαίτιος,
468 2592 667 2625 accusandi
701 2596 737 2624 et
775 2591 960 2634 querendi
992 2591 1164 2635 cupidus.
1200 2591 1286 2639 Vgl.
1313 2602 1372 2636 ep.
1399 2593 1481 2628 570,
1505 2592 1538 2625 2.

95 2659 138 2665 —
174 2639 365 2671 Theatrum
399 2638 548 2671 scheint
580 2639 663 2671 sich
698 2639 765 2671 auf
800 2638 886 2671 iene
920 2639 1216 2686 Versammlung
1258 2650 1307 2671 zu
1343 2638 1541 2680 beziehen,

91 2697 162 2721 vor
185 2685 361 2722 welcher
386 2686 537 2721 Attikus
563 2686 624 2720 die
651 2686 751 2720 Rede
776 2686 902 2720 vorlas
927 2686 1004 2719 und
1029 2686 1143 2720 lobte.

1156 2744 1245 2783 21*
