1795 3081
455 69 772 119 EPISTOLA
808 67 1200 117 CCCCLXXIX.
1435 73 1527 122 171

24 215 27 242 3
79 192 153 232 sed
183 193 315 232 etiam
345 193 407 231 sic
437 193 657 244 imperant
687 191 769 230 tibi
800 191 1052 230 familiares.
1111 188 1238 241 Quod
1278 188 1332 229 ad
1368 189 1534 228 librum

79 249 250 293 attinet,
283 258 411 299 quem
440 248 524 286 tibi
552 247 669 284 filius
700 245 836 294 dabit,
874 251 974 297 peto
1015 259 1040 284 a
1078 251 1136 295 te,
1175 257 1230 284 ne
1274 250 1412 294 exeat,
1458 252 1534 284 aut

80 304 143 342 ita
173 304 386 359 corrigas,
416 315 469 341 ne
500 301 610 341 mihi
640 307 807 340 noceat.

159 468 473 517 EPISTOLA
515 464 906 514 CCCCLXXIX.
978 464 1058 520 (ad
1094 465 1210 513 Div,
1247 468 1334 515 VI.
1372 468 1441 525 5.)

268 556 348 590 scr.
378 556 515 589 Romae
544 561 704 589 exeunte
731 567 830 589 anno
858 556 902 589 U.
932 555 969 589 c.
998 556 1077 589 708.
1126 555 1175 596 (a.
1207 553 1244 587 c.
1273 557 1347 598 46.)

80 629 281 664 Caecinam
306 627 410 661 iubet
437 626 481 660 de
517 626 641 660 reditu
676 626 918 672 impetrando
953 626 1100 670 optime
1128 636 1294 670 spei-are,
1322 627 1432 670 cique
1459 630 1534 660 stu-

369 675 477 708 dium
505 687 614 708 suum
643 680 679 709 et
705 687 860 719 operam
887 673 1105 719 pollicetur,
1136 676 1241 708 1—4.

398 760 446 792 M.
484 757 661 793 CICERO
704 757 741 794 S.
783 757 827 791 D.
868 757 909 791 A.
953 757 1221 791 CAECINAE.

188 833 544 885 Quotiescunque
594 831 733 869 filium
775 836 901 869 tuum
944 828 1090 880 video,
1131 851 1185 856 —-
1220 825 1350 866 video
1390 833 1535 866 autem

79 891 173 928 fere
203 887 401 940 quotidie
431 907 483 915 —-
512 886 730 940 polliceor
772 887 810 924 ei
853 883 1046 923 studium
1090 882 1266 937 quidem
1305 895 1449 920 meum
1494 888 1537 920 et

26 961 30 976 2
80 956 261 996 operam
290 944 383 981 sine
412 942 503 980 ulla
535 935 790 994 exceptione
819 946 895 978 aut
925 940 1090 979 laboris
1129 945 1205 977 aut
1235 938 1537 988 occupationis

26 1017 31 1049 ς
80 1005 155 1037 aut
184 998 411 1051 temporis,
441 997 629 1052 gratiam
659 1001 803 1034 autem
833 1002 962 1047 atque
984 995 1296 1033 auctoritatem
1327 1005 1425 1030 cum
1456 991 1537 1030 hac

26 1076 31 1101 ς
79 1054 351 1107 exceptione,
382 1058 591 1106 quantum
619 1051 792 1090 valeam
832 1056 1138 1103 quantumque*
1165 1049 1339 1100 possim.
1398 1047 1537 1086 Liber

78 1115 179 1148 tuus
209 1114 252 1147 et
281 1109 420 1147 lectus
451 1113 516 1147 est
544 1113 587 1147 et
616 1107 781 1161 legitur
810 1118 835 1144 a
862 1119 931 1146 me
961 1105 1200 1160 diligenter
1224 1109 1268 1142 et
1288 1101 1537 1140 custoditur

25 1165 30 1179 ’
82 1163 432 1219 diligentissime.
489 1161 574 1202 Res
613 1168 656 1200 et
693 1163 898 1200 fortunae
934 1165 1036 1209 tuae
1075 1158 1185 1198 mihi
1215 1158 1430 1196 maximae
1461 1169 1536 1195 cu-

81 1231 158 1257 rae
187 1224 312 1266 sunt3
342 1230 452 1270 quae
483 1215 659 1270 quidem
689 1215 887 1269 quotidie
916 1216 1142 1254 faciliores
1173 1213 1284 1252 mihi
1313 1218 1357 1250 et
1382 1213 1536 1251 melio-

27 1276 33 1326 }
83 1286 151 1312 res
180 1272 404 1323 videntur,
444 1273 680 1324 multisque
716 1271 846 1310 video
887 1283 1069 1327 magnae
1105 1281 1196 1308 esse
1227 1280 1387 1316 curae3
1429 1279 1537 1319 quo-

27 1330 33 1368 ζ
80 1342 180 1368 rum
217 1327 270 1367 de
308 1326 453 1368 studio
498 1333 541 1366 et
580 1326 633 1366 de
669 1340 746 1365 sua
785 1339 859 1380 spe
888 1327 1029 1365 filium
1067 1323 1122 1363 ad
1161 1330 1203 1363 te
1231 1323 1539 1375 perscripsisse

28 1377 33 1406 ³¹
81 1389 203 1422 certo
234 1384 338 1422 scio.
397 1382 456 1421 Iis
485 1388 630 1420 autem
660 1380 712 1420 de
741 1382 887 1431 rebus,
918 1394 1023 1433 quas
1053 1380 1308 1418 coniectura
1330 1378 1538 1429 consequi

28 1453 33 1485 3
81 1450 323 1491 possumus,
352 1449 439 1475 non
467 1437 577 1476 mihi
605 1449 743 1486 sumo,
774 1442 822 1474 ut
853 1437 947 1488 plus
977 1437 1069 1487 ipse
1099 1433 1379 1486 prospiciam,
1410 1445 1540 1485 quam

30 1516 33 1533 ε
82 1500 124 1532 te
153 1491 307 1531 videre
335 1499 465 1544 atque
495 1492 746 1546 intelligere
778 1491 887 1529 mihi
916 1490 1234 1543 persuaserim:
1275 1487 1349 1526 sed
1378 1493 1539 1537 tamen,

29 1565 34 1587 ι
83 1549 185 1600 quia
215 1548 312 1587 fieri
342 1553 498 1599 potest,
542 1553 592 1585 ut
629 1553 677 1585 tu
715 1559 765 1584 ea
801 1546 1132 1598 perturbatiore
1171 1543 1317 1582 animo
1357 1544 1538 1597 cogites,

30 1648 33 1656 ,
82 1609 188 1656 puto
220 1615 309 1641 esse
338 1615 498 1651 meum⁷
528 1599 633 1653 quid
661 1602 861 1650 sentiam,
893 1612 1124 1653 exponere.
1190 1598 1251 1635 Ea
1281 1604 1440 1636 natura
1470 1610 1538 1636 re-

30 1658 31 1661 ’
83 1671 180 1697 rum
210 1663 275 1696 est
305 1663 348 1696 et
382 1658 419 1694 is
455 1663 705 1708 temporum
747 1669 914 1706 cursus,
954 1661 1004 1694 ut
1042 1667 1129 1692 non
1168 1654 1307 1706 possit
1341 1655 1425 1692 ista
1463 1658 1540 1691 aut

31 1749 34 1751 Α
83 1712 168 1752 tibi
217 1718 294 1751 aut
339 1712 497 1750 ceteris
544 1713 724 1750 fortuna
760 1723 851 1750 esse
891 1709 1130 1755 diuturna3
1171 1721 1310 1760 neque
1353 1708 1539 1747 haerere

31 1813 33 1816 Ι
84 1768 129 1806 in
159 1773 248 1807 tam
277 1767 392 1805 bona
421 1779 550 1805 causa
581 1771 624 1805 et
658 1766 705 1803 in
746 1771 836 1805 tam
874 1766 999 1804 bonis
1038 1763 1209 1803 civibus
1253 1770 1342 1803 tam
1380 1763 1540 1802 acerba

84 1823 260 1861 iniuria.
319 1820 349 1871 †
375 1822 522 1872 Quare
563 1820 618 1859 ad
651 1833 745 1859 eam
774 1834 906 1874 spem,
939 1832 1069 1872 quam
1100 1824 1225 1857 extra
1255 1817 1457 1860 ordinem
1487 1817 1538 1856 de

82 1883 125 1916 te
155 1878 249 1929 ipso
279 1876 500 1927 habemus,
530 1888 618 1914 non
646 1876 788 1913 solum
817 1881 1001 1928 propter
1030 1873 1292 1929 dignitatem
1323 1879 1367 1912 et
1395 1874 1540 1912 virtu-

37 2011 38 2020 κ
85 2004 121 2025 es
149 1991 246 2024 Dein
272 1991 415 2031 Leben,
442 1991 566 2026 Deine
591 1989 708 2031 Ehre,
746 1989 845 2022 Dein
872 1988 976 2026 Alles
1005 1989 1118 2036 giilte.
1159 2005 1203 2013 —
1241 1990 1424 2032 imperant
1456 1987 1540 2027 tibi,

1553 1381 1579 1419 2

1553 1817 1580 1857 ΩΦ

84 2038 243 2073 muthen
279 2039 348 2071 Dir
384 2039 454 2072 Das
488 2051 547 2072 zu.
581 2058 626 2063 —
659 2038 899 2082 familiares,
935 2037 1187 2082 Dieienigen‚
1231 2035 1290 2068 die
1328 2035 1401 2067 Dir
1437 2033 1566 2067 noch-

84 2087 203 2120 n’aiher
234 2086 467 2133 angehoren.
511 2106 558 2112 -
594 2100 636 2120 ne
667 2091 778 2122 exeat,
822 2085 900 2118 dass
935 2084 996 2117 die
1022 2083 1169 2117 Schrist
1202 2082 1312 2116 nicht
1337 2087 1453 2115 unter
1479 2081 1540 2114 die

86 2135 204 2168 Leute
230 2134 394 2173 komme,
420 2135 461 2167 in
486 2135 633 2183 vulgus.
662 2153 708 2160 —-
733 2138 861 2167 noceat
887 2132 1000 2165 liber.

182 2209 214 2239 1.
265 2209 340 2240 sine
366 2208 441 2239 ulla
467 2211 613 2250 except„
647 2206 747 2239 ohne
779 2202 1118 2251 Entschuldigung
1149 2203 1219 2236 mit
1254 2202 1396 2251 irgend
1430 2201 1540 2236 einer

87 2254 220 2287 Arbeit
246 2253 338 2287 oder
371 2254 496 2287 einen)
523 2253 726 2288 Gesch'afte
763 2252 855 2287 oder
889 2251 1152 2298 ungelegener
1185 2251 1282 2285 Zeit.
1318 2270 1364 2275 —
1400 2262 1479 2284 cum
1502 2250 1537 2283 h.

86 2306 229 2346 except„
265 2301 334 2333 mit
360 2301 444 2334 der
468 2301 802 2347 Einschr'einkung.
831 2318 875 2324 —
912 2301 1045 2333 custod.
1080 2299 1163 2334 scil.
1191 2311 1210 2332 a
1236 2311 1308 2338 me,
1345 2295 1539 2332 verwahr’

88 2348 162 2382 ich.
197 2367 242 2373 —
276 2347 485 2391 faciliores,
520 2348 787 2396 ertr'a'glicher,
824 2348 1033 2395 giinstiger.
1069 2366 1115 2372 —
1149 2359 1301 2393 quorum
1334 2348 1375 2380 cle
1399 2347 1538 2392 studia,

90 2397 182 2431 iiber
210 2396 328 2430 deren
354 2397 631 2444 Verwendung
656 2398 719 2429 fiir
745 2396 857 2429 Dich.

182 2457 214 2490 2.
266 2456 325 2490 Iis.
365 2455 429 2489 Sic
466 2457 683 2504 Mart-Lag.
729 2454 815 2488 sch.
861 2455 954 2488 Liin.
998 2455 1063 2488 His
1098 2454 1193 2488 cett.
1230 2466 1316 2488 cum
1350 2453 1422 2487 Md.
1462 2454 1538 2487 ΟΒ.

89 2502 208 2545 „Was
236 2503 324 2536 aber
350 2503 479 2537 solche
506 2505 630 2552 Dinge
660 2502 814 2537 betrifft.
851 2522 896 2527 ——
933 2515 1001 2536 non
1037 2504 1127 2537 mihi
1158 2515 1273 2544 sumo,
1311 2507 1538 2546 ut..prosp.‚

89 2550 218 2584 nehm'
246 2550 308 2583 ich
332 2551 407 2584 mir
433 2551 537 2584 nicht
562 2552 711 2592 herans,
746 2551 881 2584 weiter
908 2551 1018 2584 datin
1043 2563 1090 2583 zu
1116 2550 1244 2593 sehon,
1273 2551 1337 2583 als.
1373 2567 1420 2573 —
1453 2562 1539 2595 per-

89 2601 180 2633 turb.
208 2612 278 2636 αη.,
314 2599 382 2631 mit
409 2599 520 2632 nicht
544 2612 674 2647 genug·
707 2598 868 2645 ruhiger
904 2598 1024 2632 Seele.
1050 2617 1096 2623 —-
1127 2597 1446 2641 istcc...sort1cna‚
1478 2597 1539 2631 die

90 2647 201 2693 hage,
228 2647 352 2679 worin
380 2647 437 2679 Du
463 2647 561 2680 Dich
587 2648 656 2682 mit
690 2646 851 2680 mehren
878 2647 1053 2681 Andcren
1086 2647 1278 2680 befindest.
1314 2663 1360 2670 -—-
1393 2645 1539 2680 haerere

90 2697 141 2735 in,
169 2694 362 2730 auhastvn,
390 2694 574 2740 verh'dngt
603 2695 750 2728 bleiben
777 2694 879 2730 iiber.
909 2713 952 2719 -—
980 2698 1131 2733 iniuria,
1159 2693 1344 2728 Unrecht.
