1795 3081
432 61 747 113 EPISTOLA
783 63 1183 113 CCCCLXVIII.
1256 122 1259 124 q
1436 71 1523 117 141

73 197 248 225 careres
286 184 445 239 patria,
485 197 553 234 ne,
589 196 700 236 quae
742 184 897 235 nolles,
942 184 1128 225 videres,
1186 185 1301 237 Non,
1333 188 1524 239 inquies:

72 253 152 295 ego
182 242 299 280 enim
328 242 420 293 ipse
448 245 643 279 tenerem
673 252 774 292 opes
804 245 848 278 et
876 239 1133 294 dignitatem
1162 256 1314 281 meam.
1353 245 1411 282 At
1431 250 1528 283 erat

71 302 171 335 tuae
201 297 397 343 virtutis,
428 296 475 333 in
503 294 696 333 minimis
726 301 822 333 tuas
852 308 922 334 res
952 307 1140 346 ponere:
1180 296 1232 337 de
1270 311 1318 337 re
1347 299 1526 351 publiea

70 351 372 391 vehementius
413 350 628 389 laborare.
696 348 880 400 Deinde7
931 350 1006 401 qui
1044 350 1142 388 finis
1181 354 1307 392 istius
1350 354 1525 393 consilii

70 409 165 445 est?
208 406 322 446 Nam
352 404 492 444 adhuc
521 410 565 443 et
597 405 760 443 factum
791 411 915 443 tuum
944 405 1162 457 probatur
1191 414 1246 452 et,
1289 414 1339 446 ut
1367 410 1412 446 in
1442 408 1524 447 tali

70 474 133 510 rc,
164 463 295 501 etiam
325 462 503 499 fortuna
532 458 764 498 laudatur:
797 461 977 508 facturn,
1012 459 1129 512 quod
1153 467 1196 500 et
1221 463 1396 501 initium
1416 464 1524 503 belli

69 518 316 555 necessario
348 520 520 554 secutus
549 515 606 552 sis
637 521 681 553 et
716 520 911 554 extrema
948 517 1170 567 sapienter
1206 519 1409 569 persequi
1445 531 1524 556 no-

70 572 227 610 lueris:
260 573 452 619 fortuna,
485 568 601 621 quod
630 569 812 608 honesto
844 571 935 609 otio
965 571 1161 609 tenueris
1201 579 1244 610 et
1281 578 1440 611 statum
1481 579 1526 613 et

68 628 227 665 famam
256 625 483 680 dignitatis
515 630 628 664 tuae.
692 624 821 663 Nunc
859 638 967 664 vero
1008 639 1087 665 nec
1124 627 1245 665 locus
1286 628 1367 665 tibi
1407 630 1524 668 ullus

68 680 244 720 dulcior
274 693 364 719 esse
394 678 524 718 debet
551 680 716 732 patria:
748 692 828 718 nec
857 693 951 719 eam
983 679 1171 735 diligere
1204 683 1346 719 minus
1378 682 1522 733 (lebes,

68 735 186 788 quod
215 735 460 775 deformior
489 740 568 784 est,
606 733 680 773 sed
709 736 912 774 misereri
949 736 1097 787 potius
1131 749 1211 774 nec
1242 749 1335 775 eam
1373 739 1524 777 multis

66 792 199 830 claris
228 791 339 830 viris
369 790 569 828 orbatam
597 791 777 842 privare
813 792 946 829 etiam
983 789 1192 842 adspectu
1231 799 1321 831 tuo.
1389 790 1563 831 Demi-4

66 859 163 899 que,
193 847 229 885 si
259 846 345 884 fuit
372 845 520 899 magni
550 845 685 884 animi
713 857 801 883 non
831 846 915 883 isse
940 846 1182 897 supplicem
1202 847 1389 895 victori3
1420 847 1522 887 vide

64 914 119 940 ne
148 901 327 953 superbi
356 901 413 938 sit
441 901 670 952 aspernari
697 899 891 939 eiusdem
920 900 1259 940 liberalitatem:
1301 908 1358 952 et,
1390 904 1426 941 si
1456 916 1522 941 sa-

64 958 225 1009 pientis
255 961 320 995 est
349 967 500 995 carere
528 956 689 1007 patria,
726 954 829 993 duri
865 967 953 993 non
985 954 1259 995 desiderare:
1301 963 1359 1007 et,
1396 960 1433 996 si
1473 971 1522 997 re

64 1012 243 1064 publica
273 1023 359 1049 non
388 1010 525 1063 possis
554 1010 659 1059 frui,
689 1011 871 1049 stultum
902 1016 967 1048 est
993 1011 1114 1049 nolle
1143 1013 1331 1063 privata.
1382 1012 1524 1065 Caput

64 1065 179 1105 illud
209 1072 288 1116 est,
318 1071 381 1115 ut,
419 1066 456 1103 si
485 1066 568 1103 ista
596 1065 690 1103 vita
728 1066 811 1104 tibi
849 1065 1124 1104 commodior
1167 1079 1256 1105 esse
1300 1066 1521 1118 videatur,

67 1120 349 1176 cogitandum
378 1126 523 1159 tamen
552 1120 624 1169 sit,
663 1132 717 1158 ne
745 1121 884 1159 tutior
913 1134 1001 1158 nen
1030 1121 1099 1160 sit.
1158 1120 1320 1176 l'ffagna
1351 1121 1521 1177 gladio-

11 1174 13 1181 ’
66 1190 164 1215 rum
195 1182 260 1215 est
288 1176 489 1213 licentia:
530 1174 605 1214 sed
641 1175 687 1212 in
725 1176 917 1214 externis
962 1176 1072 1213 locis
1110 1177 1258 1214 minor
1296 1180 1427 1218 etiam
1467 1177 1521 1216 ad

64 1233 234 1272 facinus
261 1229 544 1272 verecundia.
600 1229 717 1268 Mihi
747 1231 863 1268 salus
901 1237 974 1269 tua
1010 1237 1156 1270 tantae
1188 1245 1319 1270 curae
1350 1239 1427 1283 est,
1472 1239 1522 1271 ut

64 1286 299 1335 lWarcello,
337 1286 469 1323 fratri
506 1291 605 1334 tuo,
648 1291 724 1323 aut
760 1298 841 1338 par
880 1292 955 1324 aut
993 1292 1111 1325 certe
1161 1289 1386 1338 proximus
1423 1289 1518 1326 sim.

64 1341 211 1380 Tuum
242 1347 306 1379 est
335 1340 565 1378 consulere
594 1341 865 1392 temporibus
903 1346 946 1379 et
983 1341 1281 1381 incolumitati
1323 1350 1366 1381 et
1403 1345 1521 1382 vitae

65 1403 109 1436 et
137 1396 327 1435 fortunis
357 1395 456 1434 tuis

65 1519 216 1552 semper
243 1509 431 1542 extimuit.
465 1507 528 1542 Sic
556 1508 601 1541 ad
628 1507 765 1541 Famil.
793 1509 855 1550 IV,
883 1512 952 1544 142
978 1511 1101 1550 (516):
1139 1511 1180 1543 Sc·
1204 1513 1368 1544 vicissent
1394 1514 1425 1544 iz·
1450 1517 1519 1545 cet.

65 1555 244 1591 MANUT.
278 1556 367 1603 Vgl.
395 1568 451 1601 ep.
478 1558 559 1591 438.
586 1557 667 1590 388.
694 1559 774 1591 446.
801 1559 883 1592 398.
919 1576 966 1581 —
1003 1560 1055 1592 At
1080 1563 1163 1591 erat
1195 1560 1392 1592 coniunct.
1420 1560 1519 1593 loco.

63 1604 145 1635 Vid.
174 1603 325 1637 Ramsh,
352 1606 378 1647 ξ.
407 1606 487 1645 166,
513 1605 548 1645 2,
577 1615 608 1636 ο.
638 1604 726 1637 Not.
753 1623 800 1629 -—
825 1607 862 1638 in
888 1609 974 1639 min.
1001 1611 1026 1639 t.
1054 1618 1109 1639 res
1134 1619 1277 1651 ponere,
1313 1609 1379 1640 auf
1400 1608 1519 1642 Deine

63 1651 318 1698 Besitzungen
345 1652 405 1685 die
432 1652 614 1698 wenigste
643 1651 847 1685 Riicksicht
872 1665 918 1685 zu
946 1652 1123 1687 nehmen.
1139 1673 1185 1678 --
1204 1656 1244 1687 cle
1271 1666 1307 1688 re
1332 1668 1366 1698 p.
1383 1668 1413 1688 υ.
1434 1657 1518 1699 lab„

13 1703 14 1706 ’
63 1711 128 1731 um
165 1699 226 1731 ‹las
254 1699 547 1733 Gemeinwesen
583 1699 672 1733 aber
709 1699 812 1733 desto
846 1700 1018 1749 hestiger
1042 1701 1142 1735 Dich
1174 1713 1221 1735 zu
1255 1702 1517 1736 bekiimmern.

64 1747 182 1791 —finn
200 1748 305 1780 istius
321 1750 474 1785 consilii,
493 1758 630 1788 „wozu
650 1747 721 1781 soll
745 1748 852 1782 iener
870 1749 969 1783 Dein
988 1750 1214 1783 Entschluss
1229 1750 1420 1784 siihren?“
1437 1752 1518 1784 dass

64 1806 106 1828 er
131 1794 301 1827 n‘rimlich
328 1795 438 1828 nicht
464 1795 505 1827 in
532 1795 625 1828 Rom
654 1796 736 1829 sein
760 1797 948 1832 wolle.—
968 1797 1077 1838 Nam,
1096 1797 1263 1831 freilich.
1292 1817 1334 1823 --
1352 1799 1518 1842 factum,

63 1843 161 1875 Dein
188 1842 395 1891 bisheriges
422 1842 656 1877 Benehmen.
682 1862 727 1869 --
762 1850 900 1878 secutus
925 1849 986 1886 εἰς,
1022 1845 1274 1892 mitgemacht
1301 1846 1443 1881 habest.
1471 1866 1518 1873 —

64 1894 395 1936 extr...perseclui‚
436 1891 494 1924 die
530 1890 651 1924 sache
687 1892 776 1924 auPs
811 1893 1030 1927 Aeusserste
1063 1893 1220 1927 treiben.
1259 1912 1305 1917 —
1348 1895 1428 1928 hon.
1466 1901 1516 1929 ot.

63 1942 232 1978 tenueris,
275 1938 398 1972 durch
423 1938 645 1986 anst'ciudige
670 1939 920 1988 Entfernung
946 1952 1021 1974 von
1048 1942 1150 1974 allen
1177 1941 1516 1989 Staatsgesch'a'ften

63 1986 238 2019 aufrecht
262 1986 441 2033 gehalten
467 1987 561 2020 hast.
589 2005 637 2010 —
665 1987 876 2031 deformior,
905 1989 1125 2022 hlissiicher.
1164 2007 1205 2013 -
1240 1992 1368 2024 multis
1403 1993 1518 2025 claris

62 2037 163 2074 viris,
190 2034 418 2076 luminibus,
452 2046 483 2067 z.
510 2035 550 2068 B.
586 2034 715 2068 sieben
744 2035 994 2077 Consularem,
1030 2037 1240 2081 Pompeius,
1274 2038 1443 2081 Bibulus,
1481 2041 1516 2074 P.

63 2094 98 2114 u.
125 2082 168 2117 L.
196 2082 392 2122 Lentulus,
425 2082 570 2126 Appius
595 2082 772 2122 Pulcher,
808 2084 1002 2118 Domitius
1037 2083 1320 2128 Ahenobarbus,
1362 2086 1514 2132 Scipi03

63 2129 165 2162 dann
190 2128 289 2162 noch
315 2130 405 2164 Cato
431 2142 465 2162 u.
493 2129 658 2164 Andere.

158 2179 191 2210 [ι.
242 2180 310 2211 isse
336 2178 482 2211 obviam
509 2183 545 2211 et
568 2180 769 2224 supplicem
794 2181 929 2213 victori
954 2179 1112 2213 Caesari.
1137 2198 1182 2204 —
1207 2180 1286 2214 vide
1309 2193 1363 2222 ne,
1391 2193 1429 2215 so
1457 2182 1517 2216 be—

65 2224 201 2264 denke,
229 2224 273 2257 ob
299 2225 419 2259 nicht.
462 2225 612 2259 Ramsh.
643 2230 673 2268 §.
697 2229 776 2269 193,
799 2228 828 2266 1,
853 2231 885 2262 3.
914 2246 955 2252 —
984 2240 1075 2271 asp.²
1104 2238 1179 2260 von
1207 2227 1403 2262 derHand
1424 2230 1516 2264 wei-

64 2284 140 2305 sen.
168 2290 214 2296 -
239 2273 394 2315 liberal„
430 2273 532 2307 seine
557 2275 737 2323 giinstige
764 2275 1007 2323 Gesinnung,
1041 2276 1226 2320 optimam
1253 2275 1422 2310 Caesaris
1448 2289 1516 2311 vo-

66 2320 259 2353 luntatem.
298 2320 333 2354 S.
362 2332 419 2365 ep.
446 2323 528 2360 1464,
553 2325 594 2357 3.·
620 2323 790 2357 Intellexi
814 2324 909 2358 nihil
931 2326 979 2357 al.
1006 2336 1077 2358 csse
1103 2329 1174 2357 cet.
1191 2341 1232 2348 —
1248 2335 1369 2358 carere
1394 2336 1512 2369 posse.

63 2386 110 2392 —
135 2368 220 2400 duri
246 2372 300 2401 est
332 2381 404 2402 non
430 2370 630 2404 desiderare
662 2371 838 2416 patriam.
866 2390 907 2395 —
933 2370 1033 2415 frui,
1061 2371 1356 2419 Wohlgefallen
1381 2384 1514 2407 woran

64 2414 196 2448 haben.
225 2434 270 2440 —-
294 2419 445 2450 stultum
471 2423 533 2458 est,
559 2420 654 2451 nolle
675 2421 830 2463 privata
864 2431 904 2453 rc
930 2420 1019 2459 frui,
1059 2430 1097 2452 so
1137 2419 1184 2451 ist
1222 2431 1259 2453 es
1293 2419 1393 2454 doch
1427 2419 1512 2454 th'd-

66 2462 179 2504 richt‚
214 2463 298 2495 sich
326 2464 458 2497 darum
493 2465 589 2498 auch
616 2466 690 2500 den
719 2467 866 2500 Genuss
892 2467 955 2501 des
981 2466 1226 2501 h'ziusslichen
1252 2467 1399 2500 Gliicks
1425 2479 1512 2502 ver-

63 2521 177 2558 sagen
202 2522 249 2543 zu
274 2512 426 2546 wollen.
466 2516 584 2555 stulti,
611 2516 705 2548 nolle
731 2515 964 2562 Mart-Lag.
997 2515 1094 2549 coni.
1129 2514 1218 2549 Sch.
1256 2515 1351 2552 Liin.
1391 2534 1432 2541 —
1470 2528 1512 2549 ne

61 2561 180 2592 tutior
204 2571 274 2592 non
298 2562 362 2601 sit,
389 2560 433 2593 ob
460 2571 496 2593 es
521 2560 618 2594 auch
644 2561 816 2596 sicherer
846 2562 911 2596 sei.
947 2562 983 2597 S.
1009 2562 1161 2597 Ramsh.
1187 2563 1216 2606 §.
1243 2564 1325 2605 193,
1350 2563 1381 2605 Ι,
1406 2564 1440 2598 3.
1466 2582 1512 2589 -

9 2623 10 2647 3
61 2608 283 2650 gladiorum,
309 2612 424 2641 unter
449 2607 554 2642 einer
578 2608 960 2658 Soldatenregirung.
988 2627 1033 2637 -
1059 2611 1110 2645 ad
1123 2609 1206 2655 fac.
1233 2622 1357 2652 verec„
1385 2609 1511 2645 Scheu

62 2664 132 2686 vor
157 2654 281 2688 einem
308 2654 554 2691 Bubenstiick.
583 2676 624 2683 —
647 2660 840 2701 proximus
866 2659 948 2692 scil.
975 2659 1075 2693 curfi.
1102 2677 1150 2684 —
1175 2660 1324 2699 consul„
1360 2658 1419 2692 die
1445 2670 1510 2691 an-

64 2708 340 2748 gemessensten
367 2704 596 2752 Massi-egeln
622 2706 747 2740 wofur
772 2706 979 2755 ergreifen.
1024 2707 1113 2741 Fast
1138 2705 1224 2742 eine
1250 2704 1510 2754 Weissagung
