1795 3081
193 81 290 126 112
446 79 512 125 M.
551 80 602 126 T.
642 78 982 129 CICERONIS
1020 81 1396 132 EPISTOLAE.

194 209 259 242 est
290 208 333 241 et
363 208 409 240 tu
440 207 677 253 occupatus
708 214 750 241 es
781 203 826 240 in
856 215 953 242 meo
985 202 1160 256 quidem
1191 205 1378 243 fortasse
1405 203 1553 257 aliquo
1586 217 1662 244 ne-

195 258 332 313 gotio.
389 257 442 295 Et
471 269 553 308 pro
584 257 668 295 isto
699 270 794 296 asso
825 259 932 309 sole,
970 271 1054 311 quo
1086 265 1134 298 tu
1169 259 1328 298 abusus
1359 271 1402 298 es
1432 260 1478 297 in
1509 267 1662 299 nostro

196 312 392 365 pratulo,
423 324 448 350 a
478 317 521 350 te
551 311 741 351 nitidum
772 313 909 352 solem
947 320 1216 366 unctumque
1252 320 1516 367 repetemus.
1576 313 1664 353 Sed

196 367 251 406 ad
281 368 425 419 prima
455 365 601 406 redeo.
659 368 863 418 Librum,
894 370 930 407 si
960 382 1028 408 nie
1059 382 1190 409 amas,
1232 371 1372 408 mitte.
1444 368 1568 408 Tuus
1599 375 1665 410 est

197 424 314 462 enim
344 422 559 474 profecto,
591 424 796 476 quoniam
828 423 1004 476 quidem
1033 431 1097 463 est
1126 426 1281 463 missus
1312 424 1367 463 ad
1396 430 1453 464 te.

154 478 180 517 2
421 476 605 524 Chreme,
639 487 852 516 tantwnne
882 480 934 518 ab
965 493 1009 517 re
1039 488 1112 518 tua
1141 490 1202 518 est
1232 481 1308 517 otii
1335 479 1413 518 tibi
1442 499 1497 507 —

195 539 246 571 ut
285 533 417 571 etiam
449 532 683 572 Oratorem
724 534 876 589 legas?
920 534 1069 573 Macte
1098 536 1292 574 virtute!
1341 534 1459 573 Mihi
1489 533 1667 586 quidem

196 593 372 643 gratum
411 593 454 626 et
493 589 579 626 erit
618 590 804 643 gratim,
849 591 885 628 si
917 604 1003 628 non
1033 589 1163 628 modo
1195 591 1240 627 in
1272 591 1401 629 libris
1438 590 1542 639 tuis,
1589 589 1666 629 sed

196 644 329 682 etiam
358 643 404 680 in
433 643 626 681 aliorum
666 656 745 695 per
775 644 985 683 librarios
1025 651 1123 684 tuos
1152 645 1494 698 Aristophanem
1534 657 1666 698 repo·
1791 640 1795 678 l

152 699 334 740 3sueris
363 710 445 751 pro
475 698 646 751 Eupoli.
708 699 868 739 Caesar
897 706 1043 739 autem
1073 700 1184 738 mihi
1223 700 1417 740 irridere
1447 701 1568 739 visus
1602 706 1667 740 est

196 814 283 848 iene
310 824 348 846 so
375 812 551 860 begierig
577 824 624 845 zu
652 813 757 846 lesen
784 813 1005 847 wiinschest
1017 814 1062 845 ‘3⁶‘
1112 814 1249 848 Cicero
1275 814 1380 849 hatte
1403 814 1576 848 n‘aeimlich
1603 825 1670 861 ge-

196 862 287 896 rade
322 861 426 894 seine
462 859 682 904 Gespr'a'ehe
717 862 756 893 de
783 863 935 894 Finibus
963 863 1136 895 honorum
1163 868 1197 896 et
1222 865 1404 896 malorum
1431 863 1469 895 in
1497 863 1566 896 der
1594 863 1668 895 Ar-

196 910 284 944 beit.
313 928 359 933 —
384 911 495 953 longa
530 913 624 942 orat.
664 913 727 949 est,
769 908 866 942 doch
898 908 958 942 die
993 909 1173 943 Antwort
1206 909 1365 944 hierauf
1396 909 1533 944 wiirde
1560 909 1668 943 mich

197 970 245 991 zu
274 957 370 991 weit
394 956 548 989 fiihren.
576 975 623 980 —
650 959 687 989 in
711 969 810 990 meo.
826 981 833 988 .
850 959 997 1003 .alz·qze0
1022 960 1182 1003 negotio.
1235 958 1333 992 Eine
1368 963 1473 991 zarte
1499 957 1669 990 Erinne-

198 1017 302 1053 rung
334 1017 382 1037 an
419 1004 481 1038 die
516 1005 742 1051 Besorgung
780 1005 908 1038 seiner
946 1005 1314 1053 Angelegenheiten.
1352 1005 1388 1040 S.
1425 1017 1482 1050 ep.
1508 1007 1590 1047 449,
1624 1007 1667 1040 2:

197 1054 251 1088 Te
279 1052 432 1098 quidem
460 1052 562 1085 nihil
589 1063 702 1099 agore
730 1059 800 1086 cet.
829 1065 952 1097 occup.
981 1066 1025 1086 es.
1054 1053 1197 1087 Addidi
1225 1066 1259 1088 es
1287 1065 1374 1086 cum
1399 1053 1528 1086 Lamb.
1558 1065 1576 1087 e
1600 1052 1667 1086 Cd.

199 1113 270 1136 om.
299 1102 395 1135 Cett.
427 1101 500 1133 ΟΒ.
538 1119 584 1125 -
617 1103 778 1146 negotio.
822 1103 873 1134 At
899 1100 943 1134 de
970 1102 1111 1136 Manut.
1139 1113 1238 1146 susp,
1281 1101 1407 1136 Lamb.
1442 1100 1528 1136 Sch.
1570 1100 1668 1136 Liin,

199 1149 273 1183 Sed
300 1159 378 1181 non
401 1153 474 1180 tam
497 1152 551 1181 est
579 1149 782 1192 oppositio,
811 1159 926 1192 quam
952 1149 1095 1183 subitus
1123 1150 1302 1182 transitus
1320 1150 1367 1182 ad
1388 1149 1510 1182 alium
1537 1148 1668 1182 locum

199 1198 403 1230 literarum
431 1195 562 1232 Attici.
593 1198 783 1230 ORELLI.
810 1215 857 1221 —-
891 1209 971 1231 cesso
995 1199 1079 1231 sole.
1132 1197 1283 1230 Attikus
1310 1196 1463 1231 mochte
1490 1196 1578 1230 dem
1607 1196 1671 1229 Ci-

200 1256 287 1278 cero
315 1243 568 1291 geschrieben
596 1244 739 1277 haben:
773 1256 815 1279 er
842 1245 908 1286 sei,
944 1257 1057 1278 wenn
1093 1257 1136 1279 er
1170 1245 1230 1279 bei
1258 1246 1386 1278 seiner
1412 1245 1573 1278 Familie
1599 1244 1670 1277 Be-

199 1292 294 1327 such
321 1292 547 1340 abgestattet
572 1290 681 1333 habe,
715 1293 781 1325 auf
811 1293 879 1326 der
905 1292 1065 1327 kleinen
1091 1293 1172 1326 Aue
1198 1293 1321 1326 neben
1350 1292 1516 1326 Cicero's
1544 1292 1669 1325 Hause

200 1342 268 1374 auf
289 1340 374 1373 dem
404 1339 688 1373 Palatinischen
716 1341 840 1388 Berge
871 1340 1015 1388 fieissig
1050 1341 1090 1373 in
1124 1341 1193 1374 der
1227 1351 1399 1374 warmen
1426 1339 1551 1375 Sonne
1586 1351 1670 1384 spa-

201 1388 312 1421 ziren
339 1398 554 1434 gegangen.
607 1387 754 1420 Darauf
777 1388 986 1422 erwiedert
1013 1388 1148 1422 Cicero
1184 1387 1418 1421 scherzend:
1454 1399 1571 1421 wenn
1606 1386 1671 1419 ich

202 1434 302 1469 nach
328 1435 489 1468 Deinem
515 1435 639 1468 Hause
666 1435 834 1476 komme,
862 1446 900 1468 so
926 1435 1058 1469 werde
1086 1435 1151 1468 ich
1178 1435 1285 1469 mich
1314 1435 1424 1469 nicht
1448 1435 1519 1468 mit
1546 1435 1670 1468 eine-n

201 1484 352 1517 blossen
380 1482 640 1530 Spazirgange
668 1483 708 1515 in
743 1483 812 1516 der
838 1483 1027 1516 trocknen
1056 1482 1183 1517 Sonne
1210 1483 1405 1528 abspeisen
1439 1483 1576 1523 lassen,
1604 1482 1670 1515 ich

201 1530 370 1579 bcgehre
398 1529 495 1563 auch
521 1530 650 1563 Etwas
676 1531 823 1569 Nasses,
851 1531 1118 1579 Bewirthung,
1146 1531 1288 1575 Speise‚
1317 1531 1449 1564 Trank
1475 1531 1556 1564 und
1581 1530 1670 1563 Bad.

201 1598 248 1605 -—
274 1581 406 1612 abusus
430 1589 478 1609 z
502 1590 600 1611 usus.
638 1597 684 1602 —-
720 1581 881 1612 nitidum
911 1581 1021 1613 solem
1055 1585 1269 1624 unctumque
1307 1590 1399 1622 pro:
1435 1579 1555 1611 solem
1585 1579 1610 1615 i,
1639 1589 1669 1612 e.

203 1626 481 1672 apricationem
520 1637 607 1659 cum
642 1626 734 1659 cibis
770 1631 888 1661 unctis
926 1627 947 1659 i.
978 1638 1008 1660 e.
1037 1627 1151 1659 lautis
1182 1632 1217 1659 et
1244 1626 1387 1660 nitidis.
1432 1627 1525 1672 Vgl.
1554 1627 1670 1659 Plaut.

206 1675 356 1709 Cistell.
385 1675 414 1716 I,
445 1678 478 1716 1,
504 1676 573 1707 11.-
615 1673 776 1707 Prandio
813 1685 880 1708 nos
906 1674 1036 1719 lepide
1063 1679 1176 1719 atque
1204 1674 1323 1707 nitide
1351 1674 1545 1718 accepisti.
1582 1675 1671 1707 Per-

203 1724 278 1758 sius
306 1723 368 1761 Vl,
398 1723 462 1757 16:
500 1732 635 1756 cenare
669 1722 749 1755 sine
775 1727 892 1756 uncto
920 1722 942 1755 i.
973 1734 1004 1758 e.
1032 1721 1113 1755 sine
1150 1721 1243 1755 cibis
1282 1722 1457 1755 delicatis
1501 1727 1538 1756 et
1574 1722 1669 1755 bene

204 1771 340 1805 unctis.
377 1769 514 1803 Cicero
550 1769 596 1802 ad
631 1770 757 1811 Quint.
792 1770 916 1803 Fratr.
954 1771 1025 1811 ΙΙΙ,
1053 1773 1086 1808 1,
1114 1773 1145 1803 1.
1195 1770 1326 1805 Horat.
1359 1770 1431 1814 Ep.
1458 1770 1487 1808 Ι,
1525 1771 1582 1811 14,
1610 1771 1667 1803 21,

203 1821 235 1860 Ι,
262 1821 319 1860 18,
345 1819 392 1854 22
416 1830 451 1850 u.
479 1830 505 1850 s.
533 1818 558 1850 f.
609 1818 700 1852 Wie
727 1817 818 1851 sehr
845 1817 908 1851 die
934 1817 1075 1851 Rb'mer
1102 1818 1162 1851 die
1188 1817 1371 1862 apricatio
1399 1818 1557 1855 liebten,
1585 1817 1671 1851 dar-

203 1868 298 1901 iiber
324 1879 350 1900 s.
379 1865 424 1899 de
450 1865 598 1901 Senect.
626 1876 655 1898 C.
686 1868 739 1901 16.
767 1865 813 1898 ad
840 1864 954 1898 Attio.
983 1865 1072 1907 VII,
1101 1869 1158 1900 11.
1205 1865 1411 1899 Columell:
1438 1866 1546 1906 VIII,
1573 1867 1608 1907 8,
1637 1867 1669 1899 fi.

203 1935 251 1942 -
277 1917 385 1955 Tuus,
421 1913 518 1947 Dein
544 1913 798 1961 Eigenthum.
836 1933 883 1938 —
919 1916 1048 1947 missus
1073 1916 1123 1946 ad
1146 1919 1179 1947 {e
1214 1924 1299 1946 cuin
1336 1912 1392 1945 tui
1419 1912 1588 1947 nominis
1614 1913 1672 1945 in-

206 1963 429 2008 scriptione,
465 1961 786 2006 quemadmodum
819 1967 856 1996 et
882 1961 1017 1997 Cicero
1045 1967 1237 1997 oratorem
1265 1961 1311 1994 ad
1337 1963 1385 1994 M.
1408 1961 1570 1994 Brutum
1597 1961 1671 1993 mi-

206 2012 265 2046 sit.
293 2010 472 2046 MANUT.

301 2061 334 2095 2.
386 2072 409 2092 α
435 2070 472 2092 re
496 2063 561 2091 tua
586 2067 635 2090 =
660 2071 679 2092 a
707 2057 871 2107 negotiis
897 2058 983 2092 tuis.
1036 2057 1113 2091 Ein
1139 2058 1358 2102 parodirter
1385 2057 1484 2091 Vers
1511 2068 1575 2089 aus
1601 2056 1673 2090 Te-

206 2112 309 2141 rent.
336 2106 538 2140 Heautont.
568 2106 598 2145 1,
628 2110 660 2148 1,
688 2109 742 2141 23.
786 2125 833 2130 --
886 2107 1091 2144 Oratorem,
1132 2107 1288 2140 meinen
1323 2105 1490 2146 Reduer,
1527 2104 1670 2137 librum

207 2155 256 2189 de
289 2156 462 2199 perfecto
495 2159 646 2187 oratore
683 2155 729 2188 ad
765 2155 811 2187 M.
840 2153 1012 2189 Brutum,
1062 2155 1148 2201 Vgl.
1190 2165 1247 2197 ep.
1284 2153 1416 2193 DXXI,
1451 2155 1495 2186 43
1542 2152 1672 2185 Orato-

208 2215 289 2236 rem
315 2213 443 2235 meum
469 2206 573 2235 tanto
602 2213 718 2246 opere
747 2215 766 2236 a
793 2207 830 2236 te
855 2202 1009 2246 probari
1037 2202 1294 2235 vehementer
1328 2200 1486 2248 gaudeo.
1539 2199 1670 2233 Cicero

207 2249 314 2284 hatte
341 2249 423 2282 ihm
450 2249 543 2283 ietzt
568 2249 674 2283 wohl
703 2262 778 2283 nur
805 2250 888 2284 eine
908 2250 1026 2284 Probe
1046 2250 1171 2283 davon
1198 2248 1463 2296 zugeschickt‚
1490 2248 1535 2281 da
1562 2258 1604 2281 er
1631 2247 1671 2279 in

209 2299 353 2332 diesem
391 2296 566 2331 Monathe
608 2297 844 2332 schwerlich
886 2297 1004 2331 sehon
1045 2297 1107 2330 das
1145 2297 1273 2330 Ganze
1309 2296 1506 2329 vollendet
1548 2294 1671 2327 haben

209 2345 378 2380 mochte.
413 2364 461 2370 —
494 2346 612 2379 Macte
639 2348 796 2380 virtute!
829 2345 969 2379 Bravo!
1007 2363 1051 2370 -
1086 2351 1249 2391 gratum.
1295 2344 1436 2377 Fuitne
1462 2344 1691 2395 gratumstQ

211 2396 287 2429 ΟΒ.
325 2413 372 2418 -
410 2397 448 2427 in
484 2396 643 2427 aliorum
676 2394 797 2434 libris,
836 2393 876 2425 in
917 2393 989 2427 den
1029 2394 1093 2425 fur
1126 2392 1278 2426 Andere
1319 2391 1673 2439 abgeschriebenen

210 2442 473 2486 Exemplaren
501 2442 619 2475 dieses
637 2441 884 2475 Probcstiicks
911 2452 1000 2475 vom
1026 2441 1171 2474 Orator.
1200 2459 1247 2465 —
1274 2453 1341 2484 pro
1360 2441 1507 2484 Eupoli.
1537 2439 1672 2472 Cicero

210 2489 316 2523 hatte
348 2491 399 2522 im
433 2492 467 2525 9.
497 2490 585 2533 Cap.
624 2490 687 2522 des
720 2490 872 2523 Orators
909 2488 1021 2522 einen
1057 2487 1440 2521 Ged'a'chtnissfehler
1472 2487 1673 2534 begangen

208 2538 290 2570 und
327 2538 443 2571 einen
479 2537 579 2571 Vers
615 2537 678 2570 des
716 2536 988 2580 Aristophanes
1022 2536 1186 2568 Acharn-
1222 2537 1272 2575 V,
1307 2538 1376 2570 130
1410 2535 1494 2568 dem
1529 2532 1674 2580 gleich-

210 2585 382 2633 zeitigen
426 2585 798 2618 Kom'odiendiehter
839 2584 1001 2628 Eupolis
1039 2583 1354 2630 zugeschrieben.
1420 2583 1560 2616 Diesen
1598 2581 1675 2614 Irr-

209 2633 321 2666 thum
346 2631 525 2667 wiinscht
552 2644 595 2666 er
620 2644 700 2665 nun
738 2631 862 2665 durch
896 2632 956 2666 die
983 2630 1393 2670 Biichembsehreiber,
1430 2630 1548 2663 deren
1574 2627 1674 2661 Atti--

209 2681 279 2714 kus
316 2681 431 2724 (nach
458 2680 629 2721 Cornel.)
671 2680 757 2714 eine
791 2690 920 2727 grosse
953 2678 1103 2712 Anzahl
1146 2678 1287 2711 immet·
1324 2690 1371 2711 zu
1412 2676 1675 2723 besch'zistigen

207 2729 367 2778 pflegte‚
408 2728 619 2763 verbessert
654 2740 701 2761 zu
736 2728 897 2763 wissen:
931 2739 1006 2762 was
1033 2726 1129 2760 auch
1155 2725 1341 2760 wirklich
1367 2723 1587 2772 geschehen
1614 2724 1674 2765 ist,
