<?xml version="1.0" encoding="UTF-8"?>
<!DOCTYPE html PUBLIC "-//W3C//DTD XHTML 1.0 Transitional//EN"
    "http://www.w3.org/TR/xhtml1/DTD/xhtml1-transitional.dtd">
<html xmlns="http://www.w3.org/1999/xhtml" xml:lang="en" lang="en">
 <head>
  <title>
</title>
<meta http-equiv="Content-Type" content="text/html;charset=utf-8" />
  <meta name='ocr-system' content='tesseract 3.04.00' />
  <meta name='ocr-capabilities' content='ocr_page ocr_carea ocr_par ocr_line ocrx_word'/>
</head>
<body>
  <div class='ocr_page' id='page_1' title='image "./epistolaeadattic03ciceuoft_0186.png"; bbox 0 0 1795 3081; ppageno 0'>
   <div class='ocr_carea' id='block_1_1' title="bbox 227 71 1438 124">
    <p class='ocr_par' dir='ltr' id='par_1_1' title="bbox 227 71 1438 124">
     <span class='ocr_line' id='line_1_1' title="bbox 227 71 1438 124; baseline 0.001 -5"><span class='ocrx_word' id='word_1_1' title='bbox 227 72 324 120; x_wconf 81' lang='lat'>176</span> <span class='ocrx_word' id='word_1_2' title='bbox 490 71 556 118; x_wconf 90' lang='grc' dir='ltr'>Μ.</span> <span class='ocrx_word' id='word_1_3' title='bbox 593 73 643 120; x_wconf 86' lang='grc' dir='ltr'>Τ.</span> <span class='ocrx_word' id='word_1_4' title='bbox 683 73 1022 124; x_wconf 84' lang='lat' dir='ltr'>CICERONIS</span> <span class='ocrx_word' id='word_1_5' title='bbox 1058 73 1438 124; x_wconf 83' lang='lat' dir='ltr'>EPISTOLAE.</span> 
     </span>
    </p>
   </div>
   <div class='ocr_carea' id='block_1_2' title="bbox 185 192 1795 1183">
    <p class='ocr_par' dir='ltr' id='par_1_2' title="bbox 185 192 1795 1183">
     <span class='ocr_line' id='line_1_2' title="bbox 185 192 1679 246; baseline -0.001 -12"><span class='ocrx_word' id='word_1_6' title='bbox 185 193 289 234; x_wconf 86' lang='lat' dir='ltr'>2M.</span> <span class='ocrx_word' id='word_1_7' title='bbox 319 193 539 243; x_wconf 76' lang='lat' dir='ltr'>Faucium,</span> <span class='ocrx_word' id='word_1_8' title='bbox 570 192 633 232; x_wconf 88' lang='grc' dir='ltr'>Μ.</span> <span class='ocrx_word' id='word_1_9' title='bbox 665 194 724 244; x_wconf 71' lang='lat' dir='ltr'>R,</span> <span class='ocrx_word' id='word_1_10' title='bbox 755 193 804 246; x_wconf 94' lang='lat' dir='ltr'>Q.</span> <span class='ocrx_word' id='word_1_11' title='bbox 836 193 1125 245; x_wconf 69' lang='lat' dir='ltr'>lVIamercum,</span> <span class='ocrx_word' id='word_1_12' title='bbox 1167 194 1216 246; x_wconf 97' lang='lat' dir='ltr'>Q.</span> <span class='ocrx_word' id='word_1_13' title='bbox 1246 195 1289 234; x_wconf 87' lang='lat' dir='ltr'>F.</span> <span class='ocrx_word' id='word_1_14' title='bbox 1342 194 1447 234; x_wconf 87' lang='lat' dir='ltr'>Peto</span> <span class='ocrx_word' id='word_1_15' title='bbox 1491 207 1516 233; x_wconf 85' lang='lat' dir='ltr'>a</span> <span class='ocrx_word' id='word_1_16' title='bbox 1554 201 1598 235; x_wconf 82' lang='lat' dir='ltr'>te</span> <span class='ocrx_word' id='word_1_17' title='bbox 1634 196 1679 234; x_wconf 90' lang='lat' dir='ltr'>in</span> 
     </span>
     <span class='ocr_line' id='line_1_3' title="bbox 225 247 1681 301; baseline 0.001 -13"><span class='ocrx_word' id='word_1_18' title='bbox 225 250 439 288; x_wconf 78' lang='lat' dir='ltr'>maiorem</span> <span class='ocrx_word' id='word_1_19' title='bbox 469 247 646 286; x_wconf 91' lang='lat' dir='ltr'>modum</span> <span class='ocrx_word' id='word_1_20' title='bbox 676 262 756 301; x_wconf 89' lang='lat' dir='ltr'>pro</span> <span class='ocrx_word' id='word_1_21' title='bbox 788 256 936 288; x_wconf 82' lang='lat' dir='ltr'>nostra</span> <span class='ocrx_word' id='word_1_22' title='bbox 967 249 1303 299; x_wconf 79' lang='lat' dir='ltr'>necessitudine,</span> <span class='ocrx_word' id='word_1_23' title='bbox 1339 256 1390 289; x_wconf 90' lang='lat' dir='ltr'>ut</span> <span class='ocrx_word' id='word_1_24' title='bbox 1417 250 1501 288; x_wconf 89' lang='lat' dir='ltr'>tibi</span> <span class='ocrx_word' id='word_1_25' title='bbox 1531 263 1580 289; x_wconf 89' lang='lat' dir='ltr'>ea</span> <span class='ocrx_word' id='word_1_26' title='bbox 1610 264 1681 290; x_wconf 87' lang='lat' dir='ltr'>res</span> 
     </span>
     <span class='ocr_line' id='line_1_4' title="bbox 227 303 1682 357; baseline 0.001 -14"><span class='ocrx_word' id='word_1_27' title='bbox 227 317 360 343; x_wconf 87' lang='lat' dir='ltr'>curae</span> <span class='ocrx_word' id='word_1_28' title='bbox 389 305 445 342; x_wconf 87' lang='lat' dir='ltr'>sit</span> <span class='ocrx_word' id='word_1_29' title='bbox 475 316 739 356; x_wconf 81' lang='lat' dir='ltr'>operamque</span> <span class='ocrx_word' id='word_1_30' title='bbox 776 303 864 354; x_wconf 86' lang='lat' dir='ltr'>des,</span> <span class='ocrx_word' id='word_1_31' title='bbox 906 311 956 343; x_wconf 88' lang='lat' dir='ltr'>ut</span> <span class='ocrx_word' id='word_1_32' title='bbox 993 318 1072 357; x_wconf 88' lang='lat' dir='ltr'>per</span> <span class='ocrx_word' id='word_1_33' title='bbox 1100 310 1143 344; x_wconf 88' lang='lat' dir='ltr'>te</span> <span class='ocrx_word' id='word_1_34' title='bbox 1172 318 1301 357; x_wconf 83' lang='lat' dir='ltr'>quam</span> <span class='ocrx_word' id='word_1_35' title='bbox 1332 304 1682 344; x_wconf 84' lang='lat' dir='ltr'>commodissime</span> 
     </span>
     <span class='ocr_line' id='line_1_5' title="bbox 226 358 1682 413; baseline 0.001 -16"><span class='ocrx_word' id='word_1_36' title='bbox 226 360 450 413; x_wconf 79' lang='lat' dir='ltr'>negotium</span> <span class='ocrx_word' id='word_1_37' title='bbox 480 360 712 412; x_wconf 87' lang='lat' dir='ltr'>municipii</span> <span class='ocrx_word' id='word_1_38' title='bbox 741 358 1075 399; x_wconf 72' lang='lat' dir='ltr'>administretur</span> <span class='ocrx_word' id='word_1_39' title='bbox 1112 373 1241 411; x_wconf 85' lang='lat' dir='ltr'>quam</span> <span class='ocrx_word' id='word_1_40' title='bbox 1270 361 1548 412; x_wconf 85' lang='lat' dir='ltr'>primumque</span> <span class='ocrx_word' id='word_1_41' title='bbox 1579 373 1682 399; x_wconf 90' lang='lat' dir='ltr'>con-</span> 
     </span>
     <span class='ocr_line' id='line_1_6' title="bbox 225 415 1681 467; baseline 0 -14"><span class='ocrx_word' id='word_1_42' title='bbox 225 416 425 453; x_wconf 84' lang='lat' dir='ltr'>ficiatur:</span> <span class='ocrx_word' id='word_1_43' title='bbox 470 415 687 467; x_wconf 86' lang='lat' dir='ltr'>ipsosque,</span> <span class='ocrx_word' id='word_1_44' title='bbox 718 428 906 466; x_wconf 83' lang='lat' dir='ltr'>quorum</span> <span class='ocrx_word' id='word_1_45' title='bbox 935 416 1113 453; x_wconf 89' lang='lat' dir='ltr'>nomina</span> <span class='ocrx_word' id='word_1_46' title='bbox 1152 416 1326 467; x_wconf 79' lang='lat' dir='ltr'>scripsi,</span> <span class='ocrx_word' id='word_1_47' title='bbox 1365 422 1416 453; x_wconf 92' lang='lat' dir='ltr'>ut</span> <span class='ocrx_word' id='word_1_48' title='bbox 1445 428 1572 467; x_wconf 85' lang='lat' dir='ltr'>quam</span> <span class='ocrx_word' id='word_1_49' title='bbox 1602 415 1681 453; x_wconf 91' lang='lat' dir='ltr'>ho-</span> 
     </span>
     <span class='ocr_line' id='line_1_7' title="bbox 229 470 1684 522; baseline 0.001 -16"><span class='ocrx_word' id='word_1_50' title='bbox 229 470 612 508; x_wconf 77' lang='lat' dir='ltr'>norificentissime</span> <span class='ocrx_word' id='word_1_51' title='bbox 654 482 735 522; x_wconf 89' lang='lat' dir='ltr'>pro</span> <span class='ocrx_word' id='word_1_52' title='bbox 788 476 863 508; x_wconf 83' lang='lat' dir='ltr'>tua</span> <span class='ocrx_word' id='word_1_53' title='bbox 913 476 1071 508; x_wconf 81' lang='lat' dir='ltr'>natura</span> <span class='ocrx_word' id='word_1_54' title='bbox 1112 475 1156 508; x_wconf 87' lang='lat' dir='ltr'>et</span> <span class='ocrx_word' id='word_1_55' title='bbox 1199 483 1328 522; x_wconf 84' lang='lat' dir='ltr'>quam</span> <span class='ocrx_word' id='word_1_56' title='bbox 1372 470 1684 508; x_wconf 84' lang='lat' dir='ltr'>liberalissime</span> 
     </span>
     <span class='ocr_line' id='line_1_8' title="bbox 187 523 1684 567; baseline 0.001 -4"><span class='ocrx_word' id='word_1_57' title='bbox 187 527 406 567; x_wconf 79' lang='lat' dir='ltr'>3tracte5.</span> <span class='ocrx_word' id='word_1_58' title='bbox 462 524 606 563; x_wconf 88' lang='lat' dir='ltr'>Bonos</span> <span class='ocrx_word' id='word_1_59' title='bbox 635 526 757 563; x_wconf 81' lang='lat' dir='ltr'>viros</span> <span class='ocrx_word' id='word_1_60' title='bbox 794 523 848 562; x_wconf 80' lang='lat' dir='ltr'>ad</span> <span class='ocrx_word' id='word_1_61' title='bbox 879 530 998 563; x_wconf 75' lang='lat' dir='ltr'>tuam</span> <span class='ocrx_word' id='word_1_62' title='bbox 1036 524 1401 564; x_wconf 76' lang='lat' dir='ltr'>necessitudinem</span> <span class='ocrx_word' id='word_1_63' title='bbox 1430 523 1684 564; x_wconf 80' lang='lat' dir='ltr'>adiunxeris</span> 
     </span>
     <span class='ocr_line' id='line_1_9' title="bbox 229 578 1681 633; baseline 0 -16"><span class='ocrx_word' id='word_1_64' title='bbox 229 580 605 632; x_wconf 83' lang='lat' dir='ltr'>municipiumque</span> <span class='ocrx_word' id='word_1_65' title='bbox 660 580 957 633; x_wconf 82' lang='lat' dir='ltr'>gratissimum</span> <span class='ocrx_word' id='word_1_66' title='bbox 1007 580 1220 619; x_wconf 87' lang='lat' dir='ltr'>beneficio</span> <span class='ocrx_word' id='word_1_67' title='bbox 1271 586 1348 619; x_wconf 91' lang='lat' dir='ltr'>tuo</span> <span class='ocrx_word' id='word_1_68' title='bbox 1401 578 1681 619; x_wconf 74' lang='lat' dir='ltr'>devinxeris:</span> 
     </span>
     <span class='ocr_line' id='line_1_10' title="bbox 229 633 1685 688; baseline 0.001 -16"><span class='ocrx_word' id='word_1_69' title='bbox 229 634 341 672; x_wconf 88' lang='lat' dir='ltr'>mihi</span> <span class='ocrx_word' id='word_1_70' title='bbox 368 648 475 674; x_wconf 83' lang='lat' dir='ltr'>vero</span> <span class='ocrx_word' id='word_1_71' title='bbox 507 635 639 673; x_wconf 82' lang='lat' dir='ltr'>etiam</span> <span class='ocrx_word' id='word_1_72' title='bbox 669 636 837 688; x_wconf 79' lang='lat' dir='ltr'>gratius</span> <span class='ocrx_word' id='word_1_73' title='bbox 868 635 1040 685; x_wconf 87' lang='lat' dir='ltr'>feceris,</span> <span class='ocrx_word' id='word_1_74' title='bbox 1071 633 1187 687; x_wconf 87' lang='lat' dir='ltr'>quod</span> <span class='ocrx_word' id='word_1_75' title='bbox 1217 647 1350 688; x_wconf 84' lang='lat' dir='ltr'>quum</span> <span class='ocrx_word' id='word_1_76' title='bbox 1376 647 1548 687; x_wconf 86' lang='lat' dir='ltr'>semper</span> <span class='ocrx_word' id='word_1_77' title='bbox 1567 635 1685 674; x_wconf 88' lang='lat' dir='ltr'>tueri</span> 
     </span>
     <span class='ocr_line' id='line_1_11' title="bbox 230 688 1684 742; baseline 0 -14"><span class='ocrx_word' id='word_1_78' title='bbox 230 690 473 742; x_wconf 86' lang='lat' dir='ltr'>municipes</span> <span class='ocrx_word' id='word_1_79' title='bbox 503 701 620 728; x_wconf 89' lang='lat' dir='ltr'>meos</span> <span class='ocrx_word' id='word_1_80' title='bbox 651 690 874 739; x_wconf 78' lang='lat' dir='ltr'>consuevi,</span> <span class='ocrx_word' id='word_1_81' title='bbox 924 696 1018 729; x_wconf 85' lang='lat' dir='ltr'>tum</span> <span class='ocrx_word' id='word_1_82' title='bbox 1061 689 1133 728; x_wconf 89' lang='lat' dir='ltr'>hic</span> <span class='ocrx_word' id='word_1_83' title='bbox 1173 703 1310 729; x_wconf 85' lang='lat' dir='ltr'>annus</span> <span class='ocrx_word' id='word_1_84' title='bbox 1353 691 1591 742; x_wconf 86' lang='lat' dir='ltr'>praecipue</span> <span class='ocrx_word' id='word_1_85' title='bbox 1628 688 1684 728; x_wconf 88' lang='lat' dir='ltr'>ad</span> 
     </span>
     <span class='ocr_line' id='line_1_12' title="bbox 230 744 1687 797; baseline 0 -15"><span class='ocrx_word' id='word_1_86' title='bbox 230 758 372 783; x_wconf 85' lang='lat' dir='ltr'>meam</span> <span class='ocrx_word' id='word_1_87' title='bbox 412 757 565 783; x_wconf 90' lang='lat' dir='ltr'>curam</span> <span class='ocrx_word' id='word_1_88' title='bbox 612 744 893 795; x_wconf 79' lang='lat' dir='ltr'>officiumque</span> <span class='ocrx_word' id='word_1_89' title='bbox 941 745 1147 797; x_wconf 82' lang='lat' dir='ltr'>pertinet.</span> <span class='ocrx_word' id='word_1_90' title='bbox 1228 744 1342 783; x_wconf 87' lang='lat' dir='ltr'>Nam</span> <span class='ocrx_word' id='word_1_91' title='bbox 1390 744 1687 784; x_wconf 88' lang='lat' dir='ltr'>constituendi</span> 
     </span>
     <span class='ocr_line' id='line_1_13' title="bbox 231 798 1685 851; baseline 0 -13"><span class='ocrx_word' id='word_1_92' title='bbox 231 800 464 851; x_wconf 88' lang='lat' dir='ltr'>municipii</span> <span class='ocrx_word' id='word_1_93' title='bbox 493 812 622 837; x_wconf 85' lang='lat' dir='ltr'>causa</span> <span class='ocrx_word' id='word_1_94' title='bbox 651 798 734 837; x_wconf 87' lang='lat' dir='ltr'>hoc</span> <span class='ocrx_word' id='word_1_95' title='bbox 764 812 877 836; x_wconf 84' lang='lat' dir='ltr'>anno</span> <span class='ocrx_word' id='word_1_96' title='bbox 907 799 1093 838; x_wconf 85' lang='lat' dir='ltr'>aedilem</span> <span class='ocrx_word' id='word_1_97' title='bbox 1129 800 1268 837; x_wconf 89' lang='lat' dir='ltr'>filium</span> <span class='ocrx_word' id='word_1_98' title='bbox 1297 811 1442 838; x_wconf 89' lang='lat' dir='ltr'>meum</span> <span class='ocrx_word' id='word_1_99' title='bbox 1478 800 1578 839; x_wconf 90' lang='lat' dir='ltr'>fieri</span> <span class='ocrx_word' id='word_1_100' title='bbox 1605 812 1685 839; x_wconf 86' lang='lat' dir='ltr'>vo-</span> 
     </span>
     <span class='ocr_line' id='line_1_14' title="bbox 231 853 1686 904; baseline -0.001 -11"><span class='ocrx_word' id='word_1_101' title='bbox 231 855 297 893; x_wconf 94' lang='lat' dir='ltr'>lui</span> <span class='ocrx_word' id='word_1_102' title='bbox 326 860 369 893; x_wconf 82' lang='lat' dir='ltr'>et</span> <span class='ocrx_word' id='word_1_103' title='bbox 399 855 550 893; x_wconf 86' lang='lat' dir='ltr'>fratris</span> <span class='ocrx_word' id='word_1_104' title='bbox 580 854 719 891; x_wconf 83' lang='lat' dir='ltr'>filium</span> <span class='ocrx_word' id='word_1_105' title='bbox 749 859 792 892; x_wconf 89' lang='lat' dir='ltr'>et</span> <span class='ocrx_word' id='word_1_106' title='bbox 820 853 882 891; x_wconf 82' lang='lat' dir='ltr'>M.</span> <span class='ocrx_word' id='word_1_107' title='bbox 912 853 1128 904; x_wconf 74' lang='lat' dir='ltr'>Caesium,</span> <span class='ocrx_word' id='word_1_108' title='bbox 1158 854 1379 893; x_wconf 86' lang='lat' dir='ltr'>hominem</span> <span class='ocrx_word' id='word_1_109' title='bbox 1408 854 1518 892; x_wconf 88' lang='lat' dir='ltr'>mihi</span> <span class='ocrx_word' id='word_1_110' title='bbox 1547 856 1686 893; x_wconf 80' lang='lat' dir='ltr'>maxi-</span> 
     </span>
     <span class='ocr_line' id='line_1_15' title="bbox 232 909 1687 963; baseline 0 -15"><span class='ocrx_word' id='word_1_111' title='bbox 232 922 302 948; x_wconf 87' lang='lat' dir='ltr'>me</span> <span class='ocrx_word' id='word_1_112' title='bbox 330 910 650 947; x_wconf 87' lang='lat' dir='ltr'>necessarium:</span> <span class='ocrx_word' id='word_1_113' title='bbox 691 909 727 946; x_wconf 92' lang='lat' dir='ltr'>is</span> <span class='ocrx_word' id='word_1_114' title='bbox 769 909 883 946; x_wconf 88' lang='lat' dir='ltr'>enim</span> <span class='ocrx_word' id='word_1_115' title='bbox 918 909 1201 963; x_wconf 81' lang='lat' dir='ltr'>magistratus</span> <span class='ocrx_word' id='word_1_116' title='bbox 1239 910 1286 947; x_wconf 88' lang='lat' dir='ltr'>in</span> <span class='ocrx_word' id='word_1_117' title='bbox 1315 915 1468 947; x_wconf 84' lang='lat' dir='ltr'>nostro</span> <span class='ocrx_word' id='word_1_118' title='bbox 1499 910 1687 948; x_wconf 87' lang='lat' dir='ltr'>munici-</span> 
     </span>
     <span class='ocr_line' id='line_1_16' title="bbox 232 962 1687 1017; baseline 0.001 -15"><span class='ocrx_word' id='word_1_119' title='bbox 232 965 307 1017; x_wconf 90' lang='lat' dir='ltr'>pio</span> <span class='ocrx_word' id='word_1_120' title='bbox 346 977 424 1002; x_wconf 86' lang='lat' dir='ltr'>nec</span> <span class='ocrx_word' id='word_1_121' title='bbox 462 964 574 1001; x_wconf 86' lang='lat' dir='ltr'>alius</span> <span class='ocrx_word' id='word_1_122' title='bbox 611 963 728 1001; x_wconf 88' lang='lat' dir='ltr'>ullus</span> <span class='ocrx_word' id='word_1_123' title='bbox 772 964 917 1001; x_wconf 86' lang='lat' dir='ltr'>creari</span> <span class='ocrx_word' id='word_1_124' title='bbox 958 962 1094 1002; x_wconf 88' lang='lat' dir='ltr'>solet:</span> <span class='ocrx_word' id='word_1_125' title='bbox 1145 976 1252 1014; x_wconf 87' lang='lat' dir='ltr'>quos</span> <span class='ocrx_word' id='word_1_126' title='bbox 1297 963 1597 1003; x_wconf 84' lang='lat' dir='ltr'>cohonestaris</span> <span class='ocrx_word' id='word_1_127' title='bbox 1640 965 1687 1003; x_wconf 89' lang='lat' dir='ltr'>in</span> 
     </span>
     <span class='ocr_line' id='line_1_17' title="bbox 232 1017 1795 1072; baseline 0.001 -16"><span class='ocrx_word' id='word_1_128' title='bbox 232 1019 475 1072; x_wconf 84' lang='lat' dir='ltr'>primisque</span> <span class='ocrx_word' id='word_1_129' title='bbox 503 1031 587 1066; x_wconf 84' lang='lat' dir='ltr'>me,</span> <span class='ocrx_word' id='word_1_130' title='bbox 631 1019 668 1056; x_wconf 87' lang='lat' dir='ltr'>si</span> <span class='ocrx_word' id='word_1_131' title='bbox 709 1030 777 1056; x_wconf 89' lang='lat' dir='ltr'>res</span> <span class='ocrx_word' id='word_1_132' title='bbox 808 1018 985 1070; x_wconf 86' lang='lat' dir='ltr'>publica</span> <span class='ocrx_word' id='word_1_133' title='bbox 1014 1019 1247 1072; x_wconf 88' lang='lat' dir='ltr'>municipii</span> <span class='ocrx_word' id='word_1_134' title='bbox 1276 1024 1352 1057; x_wconf 85' lang='lat' dir='ltr'>tuo</span> <span class='ocrx_word' id='word_1_135' title='bbox 1382 1017 1545 1070; x_wconf 87' lang='lat' dir='ltr'>studio,</span> <span class='ocrx_word' id='word_1_136' title='bbox 1585 1018 1687 1057; x_wconf 88' lang='lat' dir='ltr'>dili-</span> <span class='ocrx_word' id='word_1_137' title='bbox 1739 1034 1750 1042; x_wconf 72' lang='lat'>.‚</span> <span class='ocrx_word' id='word_1_138' title='bbox 1793 1025 1795 1046; x_wconf 69' lang='lat'>³</span> 
     </span>
     <span class='ocr_line' id='line_1_18' title="bbox 233 1071 1747 1129; baseline 0.001 -17"><span class='ocrx_word' id='word_1_139' title='bbox 233 1075 382 1129; x_wconf 83' lang='lat' dir='ltr'>gentia</span> <span class='ocrx_word' id='word_1_140' title='bbox 411 1074 519 1112; x_wconf 86' lang='lat' dir='ltr'>bene</span> <span class='ocrx_word' id='word_1_141' title='bbox 547 1071 854 1111; x_wconf 83' lang='lat' dir='ltr'>administrata</span> <span class='ocrx_word' id='word_1_142' title='bbox 884 1075 982 1112; x_wconf 82' lang='lat' dir='ltr'>erit.</span> <span class='ocrx_word' id='word_1_143' title='bbox 1043 1072 1170 1124; x_wconf 89' lang='lat' dir='ltr'>Quod</span> <span class='ocrx_word' id='word_1_144' title='bbox 1207 1079 1257 1113; x_wconf 83' lang='lat' dir='ltr'>ut</span> <span class='ocrx_word' id='word_1_145' title='bbox 1297 1074 1446 1123; x_wconf 79' lang='lat' dir='ltr'>facias,</span> <span class='ocrx_word' id='word_1_146' title='bbox 1484 1079 1529 1113; x_wconf 86' lang='lat' dir='ltr'>te</span> <span class='ocrx_word' id='word_1_147' title='bbox 1556 1074 1688 1114; x_wconf 88' lang='lat' dir='ltr'>vehe-</span> <span class='ocrx_word' id='word_1_148' title='bbox 1746 1110 1747 1114; x_wconf 75' lang='grc'>,</span> 
     </span>
     <span class='ocr_line' id='line_1_19' title="bbox 234 1129 1044 1183; baseline -0.002 -15"><span class='ocrx_word' id='word_1_149' title='bbox 234 1135 406 1168; x_wconf 85' lang='lat' dir='ltr'>menter</span> <span class='ocrx_word' id='word_1_150' title='bbox 437 1129 568 1168; x_wconf 84' lang='lat' dir='ltr'>etiam</span> <span class='ocrx_word' id='word_1_151' title='bbox 597 1134 729 1181; x_wconf 84' lang='lat' dir='ltr'>atque</span> <span class='ocrx_word' id='word_1_152' title='bbox 759 1129 890 1167; x_wconf 86' lang='lat' dir='ltr'>etiam</span> <span class='ocrx_word' id='word_1_153' title='bbox 921 1140 1044 1183; x_wconf 81' lang='lat' dir='ltr'>rogo.</span> 
     </span>
    </p>
   </div>
   <div class='ocr_carea' id='block_1_3' title="bbox 300 1241 1648 1373">
    <p class='ocr_par' dir='ltr' id='par_1_3' title="bbox 300 1241 1648 1373">
     <span class='ocr_line' id='line_1_20' title="bbox 300 1241 1648 1303; baseline 0 -14"><span class='ocrx_word' id='word_1_154' title='bbox 300 1241 618 1291; x_wconf 87' lang='lat' dir='ltr'>EPISTOLA</span> <span class='ocrx_word' id='word_1_155' title='bbox 653 1242 1067 1290; x_wconf 89' lang='lat' dir='ltr'>CCCCLXXXII.</span> <span class='ocrx_word' id='word_1_156' title='bbox 1113 1241 1195 1301; x_wconf 82' lang='lat' dir='ltr'>(ad</span> <span class='ocrx_word' id='word_1_157' title='bbox 1227 1243 1338 1291; x_wconf 84' lang='lat' dir='ltr'>Div.</span> <span class='ocrx_word' id='word_1_158' title='bbox 1374 1242 1508 1290; x_wconf 90' lang='lat' dir='ltr'>XIII.</span> <span class='ocrx_word' id='word_1_159' title='bbox 1547 1243 1648 1303; x_wconf 80' lang='lat'>12.)</span> 
     </span>
     <span class='ocr_line' id='line_1_21' title="bbox 543 1329 1378 1373; baseline 0.001 -10"><span class='ocrx_word' id='word_1_160' title='bbox 543 1329 621 1363; x_wconf 78' lang='lat' dir='ltr'>scr.</span> <span class='ocrx_word' id='word_1_161' title='bbox 652 1330 789 1364; x_wconf 78' lang='lat' dir='ltr'>Romae</span> <span class='ocrx_word' id='word_1_162' title='bbox 815 1330 856 1364; x_wconf 88' lang='lat' dir='ltr'>A.</span> <span class='ocrx_word' id='word_1_163' title='bbox 888 1331 933 1364; x_wconf 86' lang='lat' dir='ltr'>U.</span> <span class='ocrx_word' id='word_1_164' title='bbox 963 1330 1002 1364; x_wconf 85' lang='lat' dir='ltr'>o.</span> <span class='ocrx_word' id='word_1_165' title='bbox 1030 1332 1111 1366; x_wconf 85' lang='lat'>708.</span> <span class='ocrx_word' id='word_1_166' title='bbox 1157 1332 1204 1373; x_wconf 76' lang='lat' dir='ltr'>(a.</span> <span class='ocrx_word' id='word_1_167' title='bbox 1234 1331 1275 1368; x_wconf 83' lang='lat' dir='ltr'>c,</span> <span class='ocrx_word' id='word_1_168' title='bbox 1302 1331 1378 1372; x_wconf 71' lang='lat'>46.)</span> 
     </span>
    </p>
   </div>
   <div class='ocr_carea' id='block_1_4' title="bbox 239 1399 1690 1497">
    <p class='ocr_par' dir='ltr' id='par_1_4' title="bbox 239 1399 1690 1497">
     <span class='ocr_line' id='line_1_22' title="bbox 239 1399 1690 1449; baseline 0.001 -14"><span class='ocrx_word' id='word_1_169' title='bbox 239 1401 279 1445; x_wconf 87' lang='lat' dir='ltr'>Q.</span> <span class='ocrx_word' id='word_1_170' title='bbox 307 1400 511 1443; x_wconf 82' lang='lat' dir='ltr'>Fufidium,</span> <span class='ocrx_word' id='word_1_171' title='bbox 538 1399 731 1445; x_wconf 81' lang='lat' dir='ltr'>Arpinatis</span> <span class='ocrx_word' id='word_1_172' title='bbox 757 1402 962 1446; x_wconf 89' lang='lat' dir='ltr'>municipii</span> <span class='ocrx_word' id='word_1_173' title='bbox 990 1402 1173 1449; x_wconf 79' lang='lat' dir='ltr'>legatum,</span> <span class='ocrx_word' id='word_1_174' title='bbox 1214 1401 1280 1446; x_wconf 89' lang='lat' dir='ltr'>qui</span> <span class='ocrx_word' id='word_1_175' title='bbox 1307 1401 1483 1435; x_wconf 88' lang='lat' dir='ltr'>tribunus</span> <span class='ocrx_word' id='word_1_176' title='bbox 1517 1402 1690 1437; x_wconf 84' lang='lat' dir='ltr'>militum</span> 
     </span>
     <span class='ocr_line' id='line_1_23' title="bbox 449 1447 1482 1497; baseline 0.002 -16"><span class='ocrx_word' id='word_1_177' title='bbox 449 1449 491 1481; x_wconf 90' lang='lat' dir='ltr'>in</span> <span class='ocrx_word' id='word_1_178' title='bbox 517 1447 656 1482; x_wconf 79' lang='lat' dir='ltr'>Cilicia</span> <span class='ocrx_word' id='word_1_179' title='bbox 682 1450 818 1491; x_wconf 85' lang='lat' dir='ltr'>fuerat,</span> <span class='ocrx_word' id='word_1_180' title='bbox 854 1450 1064 1497; x_wconf 81' lang='lat' dir='ltr'>diligenter</span> <span class='ocrx_word' id='word_1_181' title='bbox 1090 1449 1339 1483; x_wconf 83' lang='lat' dir='ltr'>commendat.</span> <span class='ocrx_word' id='word_1_182' title='bbox 1379 1451 1482 1485; x_wconf 87' lang='lat'>1-2.</span> 
     </span>
    </p>
   </div>
   <div class='ocr_carea' id='block_1_5' title="bbox 746 1518 1182 1555">
    <p class='ocr_par' dir='ltr' id='par_1_5' title="bbox 746 1518 1182 1555">
     <span class='ocr_line' id='line_1_24' title="bbox 746 1518 1182 1555; baseline -0.005 0"><span class='ocrx_word' id='word_1_183' title='bbox 746 1520 922 1555; x_wconf 83' lang='lat' dir='ltr'>CICERO</span> <span class='ocrx_word' id='word_1_184' title='bbox 956 1519 1115 1554; x_wconf 88' lang='lat' dir='ltr'>BRUTO</span> <span class='ocrx_word' id='word_1_185' title='bbox 1146 1518 1182 1553; x_wconf 89' lang='lat' dir='ltr'>S.</span> 
     </span>
    </p>
   </div>
   <div class='ocr_carea' id='block_1_6' title="bbox 349 1590 1691 1648">
    <p class='ocr_par' dir='ltr' id='par_1_6' title="bbox 349 1590 1691 1648">
     <span class='ocr_line' id='line_1_25' title="bbox 349 1590 1691 1648; baseline 0.001 -17"><span class='ocrx_word' id='word_1_186' title='bbox 349 1592 449 1631; x_wconf 81' lang='lat' dir='ltr'>Alia</span> <span class='ocrx_word' id='word_1_187' title='bbox 489 1593 673 1645; x_wconf 85' lang='lat' dir='ltr'>epistola</span> <span class='ocrx_word' id='word_1_188' title='bbox 723 1594 1015 1632; x_wconf 87' lang='lat' dir='ltr'>communiter</span> <span class='ocrx_word' id='word_1_189' title='bbox 1055 1590 1358 1631; x_wconf 83' lang='lat' dir='ltr'>commendavi</span> <span class='ocrx_word' id='word_1_190' title='bbox 1399 1592 1483 1630; x_wconf 85' lang='lat' dir='ltr'>tibi</span> <span class='ocrx_word' id='word_1_191' title='bbox 1523 1593 1691 1648; x_wconf 81' lang='lat' dir='ltr'>legatos</span> 
     </span>
    </p>
   </div>
   <div class='ocr_carea' id='block_1_7' title="bbox 240 1706 1742 1799">
    <p class='ocr_par' dir='ltr' id='par_1_7' title="bbox 240 1706 1742 1799">
     <span class='ocr_line' id='line_1_26' title="bbox 241 1706 1742 1753; baseline -0.001 -10"><span class='ocrx_word' id='word_1_192' title='bbox 241 1719 354 1752; x_wconf 85' lang='lat' dir='ltr'>eques</span> <span class='ocrx_word' id='word_1_193' title='bbox 380 1707 581 1747; x_wconf 85' lang='lat' dir='ltr'>Romanus,</span> <span class='ocrx_word' id='word_1_194' title='bbox 610 1706 767 1740; x_wconf 89' lang='lat' dir='ltr'>decurio</span> <span class='ocrx_word' id='word_1_195' title='bbox 788 1706 1041 1752; x_wconf 78' lang='lat' dir='ltr'>Arpinatium.</span> <span class='ocrx_word' id='word_1_196' title='bbox 1084 1708 1123 1752; x_wconf 78' lang='lat' dir='ltr'>Q.</span> <span class='ocrx_word' id='word_1_197' title='bbox 1141 1707 1354 1748; x_wconf 80' lang='lat' dir='ltr'>Mamercus,</span> <span class='ocrx_word' id='word_1_198' title='bbox 1382 1707 1603 1753; x_wconf 81' lang='lat' dir='ltr'>gleichfalls</span> <span class='ocrx_word' id='word_1_199' title='bbox 1630 1708 1694 1741; x_wconf 89' lang='lat' dir='ltr'>ein</span> <span class='ocrx_word' id='word_1_200' title='bbox 1739 1715 1742 1723; x_wconf 87' lang='lat'><strong><em>¹</em></strong></span> 
     </span>
     <span class='ocr_line' id='line_1_27' title="bbox 240 1754 1100 1799; baseline -0.003 -9"><span class='ocrx_word' id='word_1_201' title='bbox 240 1755 467 1790; x_wconf 72' lang='lat' dir='ltr'>Romischer</span> <span class='ocrx_word' id='word_1_202' title='bbox 493 1754 617 1787; x_wconf 85' lang='lat' dir='ltr'>Ritter</span> <span class='ocrx_word' id='word_1_203' title='bbox 640 1754 718 1786; x_wconf 89' lang='lat' dir='ltr'>und</span> <span class='ocrx_word' id='word_1_204' title='bbox 744 1754 899 1788; x_wconf 88' lang='lat' dir='ltr'>decurio</span> <span class='ocrx_word' id='word_1_205' title='bbox 926 1755 1100 1799; x_wconf 82' lang='lat' dir='ltr'>Arpinas.</span> 
     </span>
    </p>
   </div>
   <div class='ocr_carea' id='block_1_8' title="bbox 241 1794 1795 2754">
    <p class='ocr_par' dir='ltr' id='par_1_8' title="bbox 241 1794 1744 1895">
     <span class='ocr_line' id='line_1_28' title="bbox 334 1794 1744 1849; baseline 0 -12"><span class='ocrx_word' id='word_1_206' title='bbox 334 1805 368 1838; x_wconf 79' lang='lat'>2.</span> <span class='ocrx_word' id='word_1_207' title='bbox 419 1804 571 1844; x_wconf 64' lang='lat' dir='ltr'>admin„</span> <span class='ocrx_word' id='word_1_208' title='bbox 597 1801 754 1849; x_wconf 81' lang='lat' dir='ltr'>geleitet</span> <span class='ocrx_word' id='word_1_209' title='bbox 780 1802 922 1838; x_wconf 86' lang='lat' dir='ltr'>werde.</span> <span class='ocrx_word' id='word_1_210' title='bbox 958 1820 1003 1827; x_wconf 92' lang='grc'>-</span> <span class='ocrx_word' id='word_1_211' title='bbox 1031 1815 1103 1848; x_wconf 81' lang='lat' dir='ltr'>pro</span> <span class='ocrx_word' id='word_1_212' title='bbox 1128 1806 1194 1836; x_wconf 79' lang='lat' dir='ltr'>tua</span> <span class='ocrx_word' id='word_1_213' title='bbox 1218 1806 1368 1844; x_wconf 79' lang='lat' dir='ltr'>natura,</span> <span class='ocrx_word' id='word_1_214' title='bbox 1404 1802 1480 1836; x_wconf 87' lang='lat' dir='ltr'>wie</span> <span class='ocrx_word' id='word_1_215' title='bbox 1508 1813 1544 1836; x_wconf 88' lang='lat' dir='ltr'>es</span> <span class='ocrx_word' id='word_1_216' title='bbox 1570 1803 1695 1837; x_wconf 88' lang='lat' dir='ltr'>Deine</span> <span class='ocrx_word' id='word_1_217' title='bbox 1737 1794 1744 1828; x_wconf 63' lang='lat'>⁴¹</span> 
     </span>
     <span class='ocr_line' id='line_1_29' title="bbox 241 1850 1741 1895; baseline -0.001 -12"><span class='ocrx_word' id='word_1_218' title='bbox 241 1850 313 1884; x_wconf 87' lang='lat' dir='ltr'>Art</span> <span class='ocrx_word' id='word_1_219' title='bbox 337 1851 396 1884; x_wconf 88' lang='lat' dir='ltr'>ist.</span> <span class='ocrx_word' id='word_1_220' title='bbox 1737 1882 1741 1895; x_wconf 34' lang='grc' dir='ltr'><em>ι</em></span> 
     </span>
    </p>

    <p class='ocr_par' dir='ltr' id='par_1_9' title="bbox 242 1895 1795 2754">
     <span class='ocr_line' id='line_1_30' title="bbox 336 1895 1790 1938; baseline 0 -6"><span class='ocrx_word' id='word_1_221' title='bbox 336 1902 370 1934; x_wconf 88' lang='grc'>3.</span> <span class='ocrx_word' id='word_1_222' title='bbox 420 1898 537 1931; x_wconf 82' lang='lat' dir='ltr'>Bonos</span> <span class='ocrx_word' id='word_1_223' title='bbox 551 1922 578 1931; x_wconf 93' lang='lat'>..</span> <span class='ocrx_word' id='word_1_224' title='bbox 593 1897 832 1938; x_wconf 74' lang='lat' dir='ltr'>.adc&#39;u72.2·cris,</span> <span class='ocrx_word' id='word_1_225' title='bbox 858 1897 917 1930; x_wconf 89' lang='lat' dir='ltr'>Du</span> <span class='ocrx_word' id='word_1_226' title='bbox 937 1895 1105 1930; x_wconf 82' lang='lat' dir='ltr'>wiirdest</span> <span class='ocrx_word' id='word_1_227' title='bbox 1125 1896 1197 1930; x_wconf 90' lang='lat' dir='ltr'>Dir</span> <span class='ocrx_word' id='word_1_228' title='bbox 1216 1896 1387 1930; x_wconf 84' lang='lat' dir='ltr'>dadurch</span> <span class='ocrx_word' id='word_1_229' title='bbox 1409 1896 1496 1931; x_wconf 88' lang='lat' dir='ltr'>sehr</span> <span class='ocrx_word' id='word_1_230' title='bbox 1516 1897 1694 1932; x_wconf 85' lang='lat' dir='ltr'>wackere</span> <span class='ocrx_word' id='word_1_231' title='bbox 1738 1897 1741 1902; x_wconf 77' lang='grc'><em>’</em></span> <span class='ocrx_word' id='word_1_232' title='bbox 1777 1910 1790 1924; x_wconf 68' lang='lat'>&lt;¹</span> 
     </span>
     <span class='ocr_line' id='line_1_31' title="bbox 243 1944 1694 1989; baseline -0.001 -11"><span class='ocrx_word' id='word_1_233' title='bbox 243 1946 404 1979; x_wconf 60' lang='lat' dir='ltr'>Manum·</span> <span class='ocrx_word' id='word_1_234' title='bbox 428 1944 516 1979; x_wconf 84' lang='lat' dir='ltr'>sehr</span> <span class='ocrx_word' id='word_1_235' title='bbox 540 1944 765 1985; x_wconf 87' lang='lat' dir='ltr'>verbinden,</span> <span class='ocrx_word' id='word_1_236' title='bbox 794 1945 1059 1989; x_wconf 81' lang='lat' dir='ltr'>verpssichten.</span> <span class='ocrx_word' id='word_1_237' title='bbox 1075 1964 1120 1970; x_wconf 92' lang='lat'><strong>—</strong></span> <span class='ocrx_word' id='word_1_238' title='bbox 1134 1948 1276 1979; x_wconf 77' lang='lat' dir='ltr'>constit.</span> <span class='ocrx_word' id='word_1_239' title='bbox 1295 1956 1341 1979; x_wconf 86' lang='lat' dir='ltr'>m.</span> <span class='ocrx_word' id='word_1_240' title='bbox 1363 1957 1405 1985; x_wconf 85' lang='lat' dir='ltr'>c.,</span> <span class='ocrx_word' id='word_1_241' title='bbox 1425 1957 1490 1977; x_wconf 93' lang='lat' dir='ltr'>um</span> <span class='ocrx_word' id='word_1_242' title='bbox 1511 1945 1597 1979; x_wconf 90' lang='lat' dir='ltr'>dem</span> <span class='ocrx_word' id='word_1_243' title='bbox 1616 1947 1694 1978; x_wconf 84' lang='lat' dir='ltr'>Mu-</span> 
     </span>
     <span class='ocr_line' id='line_1_32' title="bbox 243 1991 1737 2040; baseline -0.001 -14"><span class='ocrx_word' id='word_1_244' title='bbox 243 1992 389 2038; x_wconf 86' lang='lat' dir='ltr'>nicipio</span> <span class='ocrx_word' id='word_1_245' title='bbox 417 1993 503 2027; x_wconf 86' lang='lat' dir='ltr'>eine</span> <span class='ocrx_word' id='word_1_246' title='bbox 528 1998 619 2040; x_wconf 78' lang='lat' dir='ltr'>gnte</span> <span class='ocrx_word' id='word_1_247' title='bbox 636 1992 900 2040; x_wconf 79' lang='lat' dir='ltr'>Einrichtung</span> <span class='ocrx_word' id='word_1_248' title='bbox 926 2005 973 2024; x_wconf 89' lang='lat' dir='ltr'>zu</span> <span class='ocrx_word' id='word_1_249' title='bbox 998 1992 1130 2039; x_wconf 81' lang='lat' dir='ltr'>geben.</span> <span class='ocrx_word' id='word_1_250' title='bbox 1157 2010 1204 2017; x_wconf 91' lang='lat'>—-</span> <span class='ocrx_word' id='word_1_251' title='bbox 1229 1993 1395 2034; x_wconf 79' lang='lat' dir='ltr'>aedilem,</span> <span class='ocrx_word' id='word_1_252' title='bbox 1420 2004 1507 2025; x_wconf 84' lang='lat' dir='ltr'>zum</span> <span class='ocrx_word' id='word_1_253' title='bbox 1534 1991 1694 2026; x_wconf 89' lang='lat' dir='ltr'>Polizei-</span> <span class='ocrx_word' id='word_1_254' title='bbox 1735 2008 1737 2031; x_wconf 59' lang='grc' dir='ltr'><em>ς</em></span> 
     </span>
     <span class='ocr_line' id='line_1_33' title="bbox 242 2039 1694 2084; baseline -0.001 -11"><span class='ocrx_word' id='word_1_255' title='bbox 242 2041 398 2075; x_wconf 81' lang='lat' dir='ltr'>meister</span> <span class='ocrx_word' id='word_1_256' title='bbox 423 2052 499 2074; x_wconf 85' lang='lat' dir='ltr'>von</span> <span class='ocrx_word' id='word_1_257' title='bbox 524 2041 720 2084; x_wconf 84' lang='lat' dir='ltr'>Arpinum.</span> <span class='ocrx_word' id='word_1_258' title='bbox 748 2059 794 2064; x_wconf 92' lang='lat'><strong>—</strong></span> <span class='ocrx_word' id='word_1_259' title='bbox 819 2041 865 2074; x_wconf 78' lang='lat' dir='ltr'>M.</span> <span class='ocrx_word' id='word_1_260' title='bbox 891 2040 1067 2081; x_wconf 73' lang='lat' dir='ltr'>Caesium,</span> <span class='ocrx_word' id='word_1_261' title='bbox 1092 2039 1166 2074; x_wconf 86' lang='lat' dir='ltr'>wie</span> <span class='ocrx_word' id='word_1_262' title='bbox 1192 2040 1269 2074; x_wconf 89' lang='lat' dir='ltr'>wir</span> <span class='ocrx_word' id='word_1_263' title='bbox 1293 2039 1422 2083; x_wconf 83' lang='lat' dir='ltr'>seben,</span> <span class='ocrx_word' id='word_1_264' title='bbox 1450 2039 1513 2074; x_wconf 87' lang='lat' dir='ltr'>ein</span> <span class='ocrx_word' id='word_1_265' title='bbox 1532 2041 1694 2074; x_wconf 86' lang='lat' dir='ltr'>Polizei·</span> 
     </span>
     <span class='ocr_line' id='line_1_34' title="bbox 244 2087 1696 2134; baseline 0 -13"><span class='ocrx_word' id='word_1_266' title='bbox 244 2089 405 2122; x_wconf 84' lang='lat' dir='ltr'>meister</span> <span class='ocrx_word' id='word_1_267' title='bbox 439 2101 487 2121; x_wconf 90' lang='lat' dir='ltr'>zu</span> <span class='ocrx_word' id='word_1_268' title='bbox 521 2088 722 2132; x_wconf 85' lang='lat' dir='ltr'>Arpinum.</span> <span class='ocrx_word' id='word_1_269' title='bbox 759 2107 805 2113; x_wconf 89' lang='lat'><strong>—</strong></span> <span class='ocrx_word' id='word_1_270' title='bbox 830 2089 1154 2134; x_wconf 75' lang='lat' dir='ltr'>is..mc1gistratus</span> <span class='ocrx_word' id='word_1_271' title='bbox 1181 2087 1396 2121; x_wconf 84' lang='lat' dir='ltr'>aedilitatis.</span> <span class='ocrx_word' id='word_1_272' title='bbox 1431 2106 1477 2112; x_wconf 89' lang='lat'>--</span> <span class='ocrx_word' id='word_1_273' title='bbox 1514 2101 1577 2122; x_wconf 81' lang='lat' dir='ltr'>nec</span> <span class='ocrx_word' id='word_1_274' title='bbox 1603 2090 1696 2121; x_wconf 77' lang='lat' dir='ltr'>ullus</span> 
     </span>
     <span class='ocr_line' id='line_1_35' title="bbox 245 2135 1694 2181; baseline -0.001 -12"><span class='ocrx_word' id='word_1_275' title='bbox 245 2138 354 2170; x_wconf 82' lang='lat' dir='ltr'>alius.</span> <span class='ocrx_word' id='word_1_276' title='bbox 414 2136 520 2169; x_wconf 88' lang='lat' dir='ltr'>Diess</span> <span class='ocrx_word' id='word_1_277' title='bbox 554 2147 635 2169; x_wconf 87' lang='lat' dir='ltr'>war</span> <span class='ocrx_word' id='word_1_278' title='bbox 669 2136 745 2169; x_wconf 87' lang='lat' dir='ltr'>also</span> <span class='ocrx_word' id='word_1_279' title='bbox 781 2136 841 2169; x_wconf 87' lang='lat' dir='ltr'>die</span> <span class='ocrx_word' id='word_1_280' title='bbox 876 2136 1024 2181; x_wconf 75' lang='lat' dir='ltr'>einzige</span> <span class='ocrx_word' id='word_1_281' title='bbox 1050 2135 1386 2181; x_wconf 81' lang='lat' dir='ltr'>Magistratsstelle,</span> <span class='ocrx_word' id='word_1_282' title='bbox 1422 2135 1482 2169; x_wconf 90' lang='lat' dir='ltr'>die</span> <span class='ocrx_word' id='word_1_283' title='bbox 1507 2147 1554 2168; x_wconf 90' lang='lat' dir='ltr'>zu</span> <span class='ocrx_word' id='word_1_284' title='bbox 1578 2135 1694 2179; x_wconf 86' lang='lat' dir='ltr'>Arpi-</span> 
     </span>
     <span class='ocr_line' id='line_1_36' title="bbox 247 2181 1695 2224; baseline -0.001 -8"><span class='ocrx_word' id='word_1_285' title='bbox 247 2195 352 2224; x_wconf 86' lang='lat' dir='ltr'>num,</span> <span class='ocrx_word' id='word_1_286' title='bbox 391 2183 498 2217; x_wconf 89' lang='lat' dir='ltr'>einer</span> <span class='ocrx_word' id='word_1_287' title='bbox 529 2183 688 2216; x_wconf 87' lang='lat' dir='ltr'>kleinen</span> <span class='ocrx_word' id='word_1_288' title='bbox 727 2183 942 2221; x_wconf 81' lang='lat' dir='ltr'>Landstadt,</span> <span class='ocrx_word' id='word_1_289' title='bbox 984 2182 1106 2216; x_wconf 85' lang='lat' dir='ltr'>durch</span> <span class='ocrx_word' id='word_1_290' title='bbox 1132 2181 1251 2217; x_wconf 85' lang='lat' dir='ltr'>Wahl</span> <span class='ocrx_word' id='word_1_291' title='bbox 1281 2183 1421 2216; x_wconf 87' lang='lat' dir='ltr'>besetzt</span> <span class='ocrx_word' id='word_1_292' title='bbox 1453 2183 1598 2217; x_wconf 85' lang='lat' dir='ltr'>wurde.</span> <span class='ocrx_word' id='word_1_293' title='bbox 1650 2183 1695 2216; x_wconf 86' lang='lat' dir='ltr'>In</span> 
     </span>
     <span class='ocr_line' id='line_1_37' title="bbox 247 2229 1788 2278; baseline -0.001 -14"><span class='ocrx_word' id='word_1_294' title='bbox 247 2231 414 2265; x_wconf 87' lang='lat' dir='ltr'>anderen</span> <span class='ocrx_word' id='word_1_295' title='bbox 439 2231 798 2274; x_wconf 73' lang='lat' dir='ltr'>Municipalst‘zidten</span> <span class='ocrx_word' id='word_1_296' title='bbox 821 2229 962 2265; x_wconf 76' lang='lat' dir='ltr'>W&#39;ahlte</span> <span class='ocrx_word' id='word_1_297' title='bbox 988 2243 1086 2272; x_wconf 86' lang='lat' dir='ltr'>man,</span> <span class='ocrx_word' id='word_1_298' title='bbox 1126 2231 1202 2264; x_wconf 85' lang='lat' dir='ltr'>wie</span> <span class='ocrx_word' id='word_1_299' title='bbox 1235 2242 1283 2262; x_wconf 87' lang='lat' dir='ltr'>zu</span> <span class='ocrx_word' id='word_1_300' title='bbox 1309 2229 1539 2271; x_wconf 87' lang='lat' dir='ltr'>Lanuvium,</span> <span class='ocrx_word' id='word_1_301' title='bbox 1579 2230 1695 2264; x_wconf 88' lang='lat' dir='ltr'>einen</span> <span class='ocrx_word' id='word_1_302' title='bbox 1773 2258 1788 2278; x_wconf 32' lang='grc' dir='ltr'>[ᾖ</span> 
     </span>
     <span class='ocr_line' id='line_1_38' title="bbox 248 2277 1732 2322; baseline -0.001 -10"><span class='ocrx_word' id='word_1_303' title='bbox 248 2279 421 2312; x_wconf 84' lang='lat' dir='ltr'>Dictator</span> <span class='ocrx_word' id='word_1_304' title='bbox 448 2280 493 2320; x_wconf 88' lang='lat' dir='ltr'>(s.</span> <span class='ocrx_word' id='word_1_305' title='bbox 513 2289 584 2322; x_wconf 90' lang='lat' dir='ltr'>pro</span> <span class='ocrx_word' id='word_1_306' title='bbox 600 2278 726 2312; x_wconf 80' lang='lat' dir='ltr'>Milon.</span> <span class='ocrx_word' id='word_1_307' title='bbox 749 2281 882 2320; x_wconf 83' lang='lat' dir='ltr'>c.10.),</span> <span class='ocrx_word' id='word_1_308' title='bbox 911 2278 1015 2319; x_wconf 85' lang='lat' dir='ltr'>oder,</span> <span class='ocrx_word' id='word_1_309' title='bbox 1041 2279 1113 2311; x_wconf 87' lang='lat' dir='ltr'>wie</span> <span class='ocrx_word' id='word_1_310' title='bbox 1138 2290 1186 2310; x_wconf 88' lang='lat' dir='ltr'>zu</span> <span class='ocrx_word' id='word_1_311' title='bbox 1210 2277 1432 2320; x_wconf 87' lang='lat' dir='ltr'>Tusculum,</span> <span class='ocrx_word' id='word_1_312' title='bbox 1460 2278 1571 2311; x_wconf 87' lang='lat' dir='ltr'>einen</span> <span class='ocrx_word' id='word_1_313' title='bbox 1598 2277 1695 2311; x_wconf 85' lang='lat' dir='ltr'>Con·</span> <span class='ocrx_word' id='word_1_314' title='bbox 1720 2279 1732 2309; x_wconf 83' lang='grc'>.’</span> 
     </span>
     <span class='ocr_line' id='line_1_39' title="bbox 248 2320 1782 2368; baseline -0.001 -8"><span class='ocrx_word' id='word_1_315' title='bbox 248 2326 320 2368; x_wconf 80' lang='lat' dir='ltr'>sul,</span> <span class='ocrx_word' id='word_1_316' title='bbox 350 2327 452 2368; x_wconf 87' lang='lat' dir='ltr'>oder,</span> <span class='ocrx_word' id='word_1_317' title='bbox 480 2326 553 2360; x_wconf 92' lang='lat' dir='ltr'>wie</span> <span class='ocrx_word' id='word_1_318' title='bbox 580 2338 626 2358; x_wconf 93' lang='lat' dir='ltr'>zu</span> <span class='ocrx_word' id='word_1_319' title='bbox 653 2325 877 2365; x_wconf 85' lang='lat' dir='ltr'>Corfinium,</span> <span class='ocrx_word' id='word_1_320' title='bbox 904 2326 1017 2359; x_wconf 89' lang='lat' dir='ltr'>einen</span> <span class='ocrx_word' id='word_1_321' title='bbox 1043 2325 1235 2358; x_wconf 87' lang='lat' dir='ltr'>Duumvir</span> <span class='ocrx_word' id='word_1_322' title='bbox 1268 2330 1311 2366; x_wconf 87' lang='lat' dir='ltr'>(s.</span> <span class='ocrx_word' id='word_1_323' title='bbox 1340 2326 1440 2359; x_wconf 80' lang='lat' dir='ltr'>Caes.</span> <span class='ocrx_word' id='word_1_324' title='bbox 1469 2326 1515 2359; x_wconf 87' lang='lat' dir='ltr'>de</span> <span class='ocrx_word' id='word_1_325' title='bbox 1540 2325 1581 2359; x_wconf 90' lang='lat' dir='ltr'>B.</span> <span class='ocrx_word' id='word_1_326' title='bbox 1610 2325 1690 2359; x_wconf 85' lang='lat' dir='ltr'>civ.</span> <span class='ocrx_word' id='word_1_327' title='bbox 1780 2320 1782 2327; x_wconf 56' lang='lat'><em>&#39;</em></span> 
     </span>
     <span class='ocr_line' id='line_1_40' title="bbox 249 2371 1689 2417; baseline -0.001 -9"><span class='ocrx_word' id='word_1_328' title='bbox 249 2377 302 2414; x_wconf 83' lang='lat'>1.)</span> <span class='ocrx_word' id='word_1_329' title='bbox 329 2374 433 2414; x_wconf 86' lang='lat' dir='ltr'>oder,</span> <span class='ocrx_word' id='word_1_330' title='bbox 465 2374 539 2408; x_wconf 87' lang='lat' dir='ltr'>wie</span> <span class='ocrx_word' id='word_1_331' title='bbox 572 2385 619 2406; x_wconf 90' lang='lat' dir='ltr'>zu</span> <span class='ocrx_word' id='word_1_332' title='bbox 646 2374 825 2417; x_wconf 79' lang='lat' dir='ltr'>Neapolis</span> <span class='ocrx_word' id='word_1_333' title='bbox 857 2373 937 2406; x_wconf 89' lang='lat' dir='ltr'>und</span> <span class='ocrx_word' id='word_1_334' title='bbox 963 2374 1112 2415; x_wconf 86' lang='lat' dir='ltr'>Cumae,</span> <span class='ocrx_word' id='word_1_335' title='bbox 1151 2373 1262 2406; x_wconf 88' lang='lat' dir='ltr'>einen</span> <span class='ocrx_word' id='word_1_336' title='bbox 1299 2371 1526 2413; x_wconf 75' lang='lat' dir='ltr'>Quatuorvir</span> <span class='ocrx_word' id='word_1_337' title='bbox 1559 2375 1603 2413; x_wconf 89' lang='lat' dir='ltr'>(s.</span> <span class='ocrx_word' id='word_1_338' title='bbox 1633 2383 1689 2416; x_wconf 83' lang='lat' dir='ltr'>ep.</span> 
     </span>
     <span class='ocr_line' id='line_1_41' title="bbox 247 2417 1692 2464; baseline -0.002 -8"><span class='ocrx_word' id='word_1_339' title='bbox 247 2425 317 2458; x_wconf 84' lang='lat'>377</span> <span class='ocrx_word' id='word_1_340' title='bbox 342 2434 379 2455; x_wconf 88' lang='lat' dir='ltr'>u.</span> <span class='ocrx_word' id='word_1_341' title='bbox 406 2422 467 2455; x_wconf 89' lang='lat' dir='ltr'>Or.</span> <span class='ocrx_word' id='word_1_342' title='bbox 495 2421 645 2455; x_wconf 88' lang='lat' dir='ltr'>Cluent.</span> <span class='ocrx_word' id='word_1_343' title='bbox 672 2431 702 2453; x_wconf 94' lang='lat' dir='ltr'>c.</span> <span class='ocrx_word' id='word_1_344' title='bbox 730 2424 783 2464; x_wconf 86' lang='lat'>8.)</span> <span class='ocrx_word' id='word_1_345' title='bbox 818 2421 910 2455; x_wconf 88' lang='lat' dir='ltr'>oder</span> <span class='ocrx_word' id='word_1_346' title='bbox 935 2417 1102 2462; x_wconf 86' lang='lat' dir='ltr'>endlich,</span> <span class='ocrx_word' id='word_1_347' title='bbox 1136 2421 1210 2454; x_wconf 87' lang='lat' dir='ltr'>wie</span> <span class='ocrx_word' id='word_1_348' title='bbox 1245 2432 1292 2452; x_wconf 90' lang='lat' dir='ltr'>zu</span> <span class='ocrx_word' id='word_1_349' title='bbox 1318 2419 1535 2453; x_wconf 85' lang='lat' dir='ltr'>Sidicinum</span> <span class='ocrx_word' id='word_1_350' title='bbox 1562 2433 1597 2453; x_wconf 91' lang='lat' dir='ltr'>u.</span> <span class='ocrx_word' id='word_1_351' title='bbox 1624 2420 1692 2453; x_wconf 83' lang='lat' dir='ltr'>Fe-</span> 
     </span>
     <span class='ocr_line' id='line_1_42' title="bbox 248 2466 1692 2511; baseline -0.002 -7"><span class='ocrx_word' id='word_1_352' title='bbox 248 2474 417 2511; x_wconf 84' lang='lat' dir='ltr'>rentum,</span> <span class='ocrx_word' id='word_1_353' title='bbox 445 2470 557 2502; x_wconf 89' lang='lat' dir='ltr'>einen</span> <span class='ocrx_word' id='word_1_354' title='bbox 586 2468 767 2510; x_wconf 82' lang='lat' dir='ltr'>Quaestor</span> <span class='ocrx_word' id='word_1_355' title='bbox 802 2470 847 2510; x_wconf 92' lang='lat' dir='ltr'>(s.</span> <span class='ocrx_word' id='word_1_356' title='bbox 875 2468 1023 2502; x_wconf 85' lang='lat' dir='ltr'>Gellius</span> <span class='ocrx_word' id='word_1_357' title='bbox 1047 2468 1090 2507; x_wconf 88' lang='lat' dir='ltr'>X,</span> <span class='ocrx_word' id='word_1_358' title='bbox 1116 2470 1166 2508; x_wconf 89' lang='grc'>3).</span> <span class='ocrx_word' id='word_1_359' title='bbox 1202 2467 1315 2501; x_wconf 86' lang='lat' dir='ltr'>MAN.</span> <span class='ocrx_word' id='word_1_360' title='bbox 1354 2467 1504 2501; x_wconf 85' lang='lat' dir='ltr'>Aediles</span> <span class='ocrx_word' id='word_1_361' title='bbox 1529 2466 1692 2501; x_wconf 86' lang='lat' dir='ltr'>habuere</span> 
     </span>
     <span class='ocr_line' id='line_1_43' title="bbox 249 2515 1693 2559; baseline -0.002 -9"><span class='ocrx_word' id='word_1_362' title='bbox 249 2528 389 2551; x_wconf 88' lang='lat' dir='ltr'>nomen</span> <span class='ocrx_word' id='word_1_363' title='bbox 417 2516 460 2549; x_wconf 88' lang='lat' dir='ltr'>ab</span> <span class='ocrx_word' id='word_1_364' title='bbox 487 2515 650 2557; x_wconf 86' lang='lat' dir='ltr'>aedibus,</span> <span class='ocrx_word' id='word_1_365' title='bbox 679 2516 811 2559; x_wconf 80' lang='lat' dir='ltr'>quibus</span> <span class='ocrx_word' id='word_1_366' title='bbox 845 2521 923 2549; x_wconf 86' lang='lat' dir='ltr'>erat</span> <span class='ocrx_word' id='word_1_367' title='bbox 957 2515 1177 2549; x_wconf 81' lang='lat' dir='ltr'>demandata</span> <span class='ocrx_word' id='word_1_368' title='bbox 1210 2526 1297 2548; x_wconf 87' lang='lat' dir='ltr'>cura</span> <span class='ocrx_word' id='word_1_369' title='bbox 1323 2515 1564 2559; x_wconf 81' lang='lat' dir='ltr'>publicorum</span> <span class='ocrx_word' id='word_1_370' title='bbox 1592 2515 1693 2548; x_wconf 88' lang='lat' dir='ltr'>aedi-</span> 
     </span>
     <span class='ocr_line' id='line_1_44' title="bbox 249 2562 1779 2607; baseline -0.001 -11"><span class='ocrx_word' id='word_1_371' title='bbox 249 2565 440 2598; x_wconf 82' lang='lat' dir='ltr'>ficiorum.</span> <span class='ocrx_word' id='word_1_372' title='bbox 467 2583 512 2588; x_wconf 89' lang='lat'><strong>—</strong></span> <span class='ocrx_word' id='word_1_373' title='bbox 540 2564 782 2597; x_wconf 73' lang='lat' dir='ltr'>cohonestaris</span> <span class='ocrx_word' id='word_1_374' title='bbox 807 2564 832 2596; x_wconf 90' lang='lat' dir='ltr'>i.</span> <span class='ocrx_word' id='word_1_375' title='bbox 861 2574 891 2596; x_wconf 91' lang='lat' dir='ltr'>e.</span> <span class='ocrx_word' id='word_1_376' title='bbox 917 2563 1063 2597; x_wconf 87' lang='lat' dir='ltr'>honore</span> <span class='ocrx_word' id='word_1_377' title='bbox 1089 2562 1243 2596; x_wconf 80' lang='lat' dir='ltr'>afficies.</span> <span class='ocrx_word' id='word_1_378' title='bbox 1270 2582 1316 2586; x_wconf 97' lang='lat'><strong>—</strong></span> <span class='ocrx_word' id='word_1_379' title='bbox 1349 2575 1402 2596; x_wconf 83' lang='lat' dir='ltr'>res</span> <span class='ocrx_word' id='word_1_380' title='bbox 1425 2565 1522 2607; x_wconf 76' lang='lat' dir='ltr'>publ.</span> <span class='ocrx_word' id='word_1_381' title='bbox 1550 2566 1694 2603; x_wconf 65' lang='lat' dir='ltr'>munic„</span> <span class='ocrx_word' id='word_1_382' title='bbox 1773 2588 1779 2594; x_wconf 75' lang='lat'>.</span> 
     </span>
     <span class='ocr_line' id='line_1_45' title="bbox 251 2610 1795 2658; baseline -0.002 -14"><span class='ocrx_word' id='word_1_383' title='bbox 251 2612 353 2646; x_wconf 84' lang='lat' dir='ltr'>diese</span> <span class='ocrx_word' id='word_1_384' title='bbox 381 2610 605 2645; x_wconf 77' lang='lat' dir='ltr'>‘tiffentliche</span> <span class='ocrx_word' id='word_1_385' title='bbox 630 2611 936 2658; x_wconf 71' lang='lat' dir='ltr'>Angelegenheit</span> <span class='ocrx_word' id='word_1_386' title='bbox 970 2612 1114 2644; x_wconf 88' lang='lat' dir='ltr'>meines</span> <span class='ocrx_word' id='word_1_387' title='bbox 1148 2611 1282 2644; x_wconf 78' lang='lat' dir='ltr'>v‘a&#39;terl.</span> <span class='ocrx_word' id='word_1_388' title='bbox 1313 2610 1603 2653; x_wconf 43' lang='lat' dir='ltr'>Municipium&amp;</span> <span class='ocrx_word' id='word_1_389' title='bbox 1628 2621 1695 2654; x_wconf 84' lang='lat' dir='ltr'>pe·-</span> <span class='ocrx_word' id='word_1_390' title='bbox 1727 2632 1728 2635; x_wconf 22' lang='grc' dir='ltr'>η</span> <span class='ocrx_word' id='word_1_391' title='bbox 1760 2611 1795 2641; x_wconf 53' lang='lat'>123¹:-</span> 
     </span>
     <span class='ocr_line' id='line_1_46' title="bbox 252 2657 1727 2705; baseline -0.001 -14"><span class='ocrx_word' id='word_1_392' title='bbox 252 2660 385 2693; x_wconf 85' lang='lat' dir='ltr'>cuniae</span> <span class='ocrx_word' id='word_1_393' title='bbox 410 2660 584 2703; x_wconf 83' lang='lat' dir='ltr'>publicae</span> <span class='ocrx_word' id='word_1_394' title='bbox 610 2659 871 2705; x_wconf 78' lang='lat' dir='ltr'>vectigalium.</span> <span class='ocrx_word' id='word_1_395' title='bbox 908 2658 1016 2693; x_wconf 88' lang='lat' dir='ltr'>ERN.</span> <span class='ocrx_word' id='word_1_396' title='bbox 1051 2676 1095 2685; x_wconf 84' lang='lat'>-·</span> <span class='ocrx_word' id='word_1_397' title='bbox 1130 2660 1263 2692; x_wconf 60' lang='lat' dir='ltr'>admira.</span> <span class='ocrx_word' id='word_1_398' title='bbox 1293 2661 1372 2699; x_wconf 76' lang='lat' dir='ltr'>erit,</span> <span class='ocrx_word' id='word_1_399' title='bbox 1400 2659 1477 2691; x_wconf 81' lang='lat' dir='ltr'>aufs</span> <span class='ocrx_word' id='word_1_400' title='bbox 1503 2657 1608 2691; x_wconf 87' lang='lat' dir='ltr'>Beste</span> <span class='ocrx_word' id='word_1_401' title='bbox 1636 2658 1695 2691; x_wconf 90' lang='lat' dir='ltr'>be·</span> <span class='ocrx_word' id='word_1_402' title='bbox 1726 2677 1727 2680; x_wconf 66' lang='lat'><em>=</em></span> 
     </span>
     <span class='ocr_line' id='line_1_47' title="bbox 250 2707 492 2754; baseline -0.004 -13"><span class='ocrx_word' id='word_1_403' title='bbox 250 2712 354 2754; x_wconf 78' lang='lat' dir='ltr'>soi-gt</span> <span class='ocrx_word' id='word_1_404' title='bbox 384 2707 492 2743; x_wconf 86' lang='lat' dir='ltr'>wird.</span> 
     </span>
    </p>
   </div>
   <div class='ocr_carea' id='block_1_9' title="bbox 1689 39 1795 3081">
    <p class='ocr_par' dir='ltr' id='par_1_10' title="bbox 1689 39 1795 3081">
     <span class='ocr_line' id='line_1_48' title="bbox 1689 39 1795 3081; baseline 0 0"><span class='ocrx_word' id='word_1_405' title='bbox 1689 39 1795 3081; x_wconf 95' lang='lat' dir='ltr'> </span> 
     </span>
    </p>
   </div>
  </div>
 </body>
</html>
