1795 3081
183 71 279 118 186
444 70 510 118 Μ.
546 67 598 115 Τ.
637 65 982 119 CICERONIS
1018 68 1395 121 EPISTOLAE.

180 192 405 234 Manlium
436 204 570 245 quam
588 192 793 241 maxime,
823 190 1181 245 quibuscumque
1211 191 1342 232 rebus
1372 191 1557 234 honeste
1586 207 1638 233 ac

181 262 265 303 pro
295 255 372 288 tua
402 247 621 299 dignitate
651 247 838 301 poteris,
877 248 1050 286 iuveris
1087 254 1219 300 atque
1259 249 1507 288 ornaveris.
1572 248 1637 289 Ex

180 305 410 356 ipsiusque
441 309 676 355 praeterea
705 302 973 358 gratissimis
1004 309 1049 342 et
1066 302 1403 343 humanissimis
1433 304 1635 345 moribus

181 359 399 399 confirmo
430 358 518 397 tibi
549 363 592 396 te
622 370 739 406 eum,
781 370 914 410 quem
960 358 1073 397 soles
1112 360 1311 399 fructum
1345 371 1372 399 a
1409 357 1634 401 bonorum

178 415 382 456 virorum
412 412 575 453 officiis
605 418 878 466 exspectare,
908 424 1003 453 esse
1033 420 1284 466 capturum.

287 597 607 649 EPISTOLA
646 596 936 647 CCCCXCI.
1000 598 1085 660 (ad
1116 599 1230 649 Div.
1265 598 1400 648 XIII.
1435 599 1534 657 23.)

503 710 587 746 scr.
613 710 753 746 Romae
778 712 823 749 A.
844 714 888 748 u.
907 713 949 750 c,
974 715 1058 750 708.
1093 714 1143 757 (a-
1163 713 1203 748 G·
1222 712 1302 755 46.)

354 806 568 843 cossinium
593 807 825 842 Anchialum
851 809 1036 843 libertum
1062 808 1315 844 commendat.
1350 808 1453 843 1—2.

656 903 835 938 CICERO
884 903 1059 938 SERVIO
1108 902 1147 940 S.

281 999 332 1040 L.
354 999 568 1047 Cossinio,
599 1001 745 1040 amico
777 1007 822 1041 et
851 1000 1017 1041 tribuli
1047 1006 1143 1049 tuo,
1174 998 1304 1040 valde
1335 1000 1629 1040 familiariter

169 1061 292 1096 utor.
349 1055 466 1095 Nam
496 1063 540 1096 et
570 1057 693 1096 inter
735 1058 1031 1109 nosmetipsos
1066 1062 1195 1095 vetus
1232 1070 1339 1095 usus
1385 1054 1629 1096 intercedit

171 1118 217 1150 et
255 1111 433 1150 Atticus
484 1118 640 1151 noster
680 1113 897 1151 maiorem
945 1113 1083 1152 etiam
1127 1112 1240 1150 mihi
1284 1125 1386 1151 cum
1427 1112 1628 1151 Cossinio

171 1165 540 1205 consuetudinem
586 1168 711 1206 fecit.
780 1166 938 1220 Itaque
983 1173 1079 1207 tota
1125 1166 1318 1206 Cossinii
1363 1166 1520 1206 domus
1558 1179 1628 1205 me

170 1221 323 1276 diligit
351 1223 397 1260 in
429 1222 673 1276 primisque
713 1222 901 1262 libertus
943 1222 1054 1269 eius,
1092 1222 1144 1261 L.
1176 1221 1406 1262 Cossinius
1435 1220 1628 1261 Anchia-

168 1276 254 1325 lus,
294 1276 427 1316 homo
459 1284 503 1317 et
531 1284 722 1330 patrono
753 1284 797 1317 et
826 1279 1009 1330 patroni
1039 1279 1315 1328 necessariis,
1346 1290 1435 1330 quo
1466 1278 1513 1315 in
1544 1291 1626 1315 nu-

125 1331 292 1371 2mero
324 1344 406 1387 ego
438 1346 551 1382 sum,
583 1332 939 1384 probatissimus.
997 1334 1134 1373 Hunc
1153 1334 1241 1373 tibi
1266 1334 1331 1372 ita
1351 1333 1624 1382 commendo,

169 1392 235 1436 ut,
266 1387 305 1425 si
335 1400 459 1426 meus
490 1388 678 1427 libertus
709 1395 823 1428 esset
852 1388 1093 1441 eodemque
1123 1387 1242 1441 apud
1271 1400 1339 1426 me
1369 1387 1466 1427 loco
1495 1394 1624 1437 esset,

170 1454 256 1494 quo
288 1440 365 1491 [et]
405 1449 473 1485 est
502 1441 622 1495 apud
652 1457 781 1483 suum
814 1449 1064 1496 patronum,
1106 1445 1282 1483 maiore
1319 1441 1470 1482 studio
1508 1456 1626 1482 com-

168 1498 384 1537 mendare
415 1511 505 1537 non
549 1511 738 1551 possem.
806 1500 956 1550 Quare
997 1506 1261 1553 pergratum
1296 1497 1406 1536 mihi
1445 1498 1624 1548 feceris,

168 1554 208 1591 si
240 1565 341 1591 eum
373 1554 420 1591 in
458 1554 705 1593 amicitiam
747 1561 872 1593 tuam
915 1556 1140 1607 receperis
1178 1561 1313 1607 atque
1351 1567 1467 1602 eum,
1507 1552 1626 1606 quod

168 1608 262 1646 sine
291 1607 499 1648 molestia
528 1615 608 1649 tua
637 1609 726 1655 fiat,
759 1610 798 1647 si
830 1623 915 1662 qua
945 1610 991 1648 in
1025 1622 1074 1648 re
1105 1622 1214 1663 opus
1245 1611 1288 1648 ei
1319 1610 1472 1657 fuerit⁷
1499 1609 1626 1648 iuve-

168 1663 245 1702 ris.
303 1663 354 1702 Id
386 1670 430 1703 et
464 1664 578 1703 mihi
608 1664 898 1704 vehementer
927 1671 1102 1718 gratum
1145 1666 1233 1704 erit
1269 1671 1314 1703 et
1355 1663 1441 1703 tibi
1470 1670 1625 1716 postea

165 1717 430 1759 iucundum.
488 1720 728 1758 Hominem
765 1720 885 1758 enim
924 1733 1094 1760 summa
1130 1720 1374 1775 probitate,
1417 1719 1621 1758 humani-

163 1779 255 1814 tate
286 1773 665 1827 observantiaque
694 1787 949 1830 cognosces.

161 1948 207 1969 αι·
230 1947 298 1979 pro
324 1940 388 1968 tua
413 1935 527 1980 dign„
562 1937 655 1975 „auf
677 1936 762 1970 eine
789 1936 958 1970 erlaubte
984 1936 1063 1969 und
1091 1937 1161 1969 mit
1187 1936 1330 1970 Deincr
1353 1937 1503 1972 Wiirde
1537 1948 1620 1969 ver-

161 1984 314 2018 einbare
340 1983 515 2019 Weise.“
566 1983 611 2015 In
639 1984 706 2017 der
732 1984 998 2033 Empfehlung
1024 1985 1123 2018 eines
1151 1985 1381 2018 Iiiimischen
1400 1986 1614 2032 Negocian-

160 2038 225 2066 ten
250 2043 334 2066 war
360 2032 460 2064 diese
485 2031 764 2078 gewb'hnlicho
793 2033 944 2066 Clauscl
979 2033 1090 2065 nicht
1128 2033 1366 2080 iibcrssiissig.
1407 2052 1454 2057 —-
1490 2047 1511 2066 α
1538 2035 1615 2068 bon.

157 2084 224 2115 tir.
253 2080 329 2124 qffi,
368 2090 443 2112 von
470 2079 613 2112 Deiner
639 2080 978 2128 Dimistseriigkeit
1004 2092 1127 2128 gegen
1155 2080 1420 2129 edelgesinuie
1446 2082 1614 2117 M'zinner.

158 2128 283 2164 Ueber
309 2129 366 2160 Ex
395 2130 575 2172 ipsiusque
601 2140 627 2161 s.
657 2128 804 2162 Ramsh.
833 2130 860 2172 §-
889 2132 969 2171 179,
996 2129 1036 2162 B.
1063 2142 1094 2170 a,
1122 2132 1154 2162 1.

254 2203 286 2234 1.
336 2201 375 2234 L.
405 2201 579 2233 Cossinio.
620 2201 710 2236 Vid.
746 2201 792 2233 ad
818 2201 931 2234 Attio.
968 2202 997 2242 I,
1024 2202 1080 2235 20.
1117 2201 1165 2237 ΙΙ,
1192 2203 1224 2233 1.
1260 2200 1363 2242 XIII,
1390 2202 1447 2235 46.
1474 2220 1520 2225 —-
1548 2204 1615 2235 tri-

157 2249 246 2291 buli,
274 2248 653 2289 Zunstverwandien,
681 2249 748 2293 qui
777 2261 821 2282 ex
845 2249 972 2282 eadem
993 2249 1107 2281 tribu.
1135 2266 1180 2274 --
1205 2251 1364 2294 prohat„
1392 2249 1455 2282 ein
1478 2248 1613 2282 hb'chst

157 2295 376 2331 bew'zihrter
402 2297 529 2331 Mann.

252 2358 286 2392 2.
339 2357 655 2401 eodemque..l0c0
690 2362 787 2397 ossei,
824 2356 902 2389 und
940 2356 999 2390 bei
1037 2356 1114 2388 mit·
1150 2356 1243 2389 eben
1281 2368 1320 2390 so
1354 2356 1454 2389 hoch
1495 2369 1611 2403 ange·

157 2403 358 2438 schriebcn
376 2406 489 2437 w’zire.
522 2423 560 2429 -—-
591 2401 655 2447 [et]
684 2415 756 2437 om.
777 2405 868 2437 Cdd.
889 2405 1034 2447 aliquot
1062 2405 1177 2444 (Bas.)
1205 2406 1322 2448 Ncap.
1353 2406 1452 2440 Crat.
1481 2405 1608 2438 Lamb.

156 2453 297 2487 Bened.
334 2450 419 2486 Sch.
448 2453 542 2485 Liin.
580 2457 713 2485 contra
748 2453 823 2484 Md.
860 2453 941 2500 Ego
970 2453 1022 2496 [].
1061 2453 1250 2487 (JRJJJLLI.
1282 2472 1327 2476 —
1367 2455 1462 2498 quod
1482 2463 1531 2483 z
1555 2465 1610 2485 so-

155 2502 242 2533 fcrn
270 2513 318 2541 es,
354 2500 500 2543 soweit,
536 2500 656 2533 soviel
690 2499 936 2534 ohneDeine
963 2500 1213 2534 Beschwm-do
1250 2501 1468 2547 gese-hohen
1496 2501 1606 2534 kann.

154 2548 188 2581 S.
227 2549 375 2582 Ramsh.
412 2541 557 2589 §2182
593 2549 680 2582 Not.
718 2551 746 2582 1.
785 2567 829 2574 -
862 2554 1002 2595 postea,
1036 2548 1077 2582 in
1110 2548 1178 2583 der
1213 2549 1345 2597 Folge.
1383 2569 1424 2576 ·—
1464 2552 1608 2587 observ..

155 2596 553 2645 Dienstcrgcbenheit.
