1795 3081
535 49 851 101 EPISTOLA
886 51 1107 102 DXVIII.
1458 52 1557 99 217

256 173 573 226 EPISTOLA
609 172 841 222 DXVIII.
880 171 960 231 (aa
995 172 1112 223 Div.
1148 173 1254 225 xv.
1293 172 1392 233 18.)

346 264 427 300 Ser.
455 263 596 296 Romae
624 262 740 296 initio
766 261 809 296 A.
839 261 883 296 U.
911 262 950 296 C.
978 263 1059 297 709.
1088 263 1139 304 (a.
1168 262 1205 297 C.
1233 262 1311 304 45.)

97 326 297 373 Epistolae
322 324 551 359 brevitatem
580 327 754 356 excusat:
782 321 984 354 tristitiam
1012 328 1234 366 temporum
1251 326 1424 362 accusat3
1452 318 1559 355 nihil

500 381 547 403 ex
574 369 759 413 Hispania
785 368 920 402 afferri
947 369 1154 416 significat.

490 431 541 463 M.
572 428 752 463 CICERO
779 427 817 461 S.
843 429 888 462 D.
917 428 957 462 C.
985 427 1165 463 CASSIO.

212 494 409 548 Longior
449 491 633 544 epistola
663 491 838 535 fuisset,
877 490 966 528 nisi
997 503 1046 529 eo
1075 490 1168 543 ipso
1198 495 1395 543 tempore
1424 490 1562 542 petita

104 558 216 594 esset
243 564 267 590 a
297 562 387 593 me,
431 559 564 599 quum
601 547 688 584 iam
722 547 866 584 iretur
901 544 956 584 ad
991 551 1056 584 te:
1101 545 1273 599 longior
1310 550 1477 596 autem,
1523 546 1562 585 si

105 603 302 664 φλύαρον
330 604 518 655 aliquem
538 601 781 647 habuisset3
817 613 916 639 nam
948 595 1214 650 σπουδάζειν
1243 601 1336 639 sine
1361 600 1561 652 periculo

102 665 180 706 vix
210 658 448 716 possumus.
507 654 662 696 Ridere
694 657 857 709 igitur,
909 657 1109 709 inquieS,
1163 667 1402 709 possumus.
1461 654 1563 697 Non

105 714 355 758 mehercule
385 712 615 751 facillime.
674 711 991 750 Verumtamen
1022 711 1155 749 aliam
1185 711 1506 749 aberrationem
1537 722 1564 749 a

103 771 315 813 molestiis
345 767 512 806 nullam
540 766 762 806 habemus.
823 765 905 805 Ubi
934 767 1094 821 igitur,
1133 767 1330 818 inquies,
1370 765 1565 817 philoso-

105 824 235 882 phia?
266 823 362 863 Tua
392 822 567 875 quidem
596 823 643 860 in
669 823 836 871 culina,
868 835 962 860 mea
989 823 1034 859 in
1064 821 1282 874 palaestra
1315 826 1397 859 est:
1431 818 1567 872 pudet

107 884 222 924 enim
251 879 432 919 servire.
489 877 641 930 Itaque
670 877 782 916 facio
812 890 879 916 me
908 877 1024 932 alias·
1046 889 1116 916 res
1147 888 1297 929 agere,
1333 888 1387 914 ne
1417 875 1566 914 convi-

108 940 225 976 cium
253 935 445 973 Platonis
481 932 670 972 audiam.
744 933 811 972 De
849 932 1068 986 Hispania
1104 931 1215 969 nihil
1254 930 1395 969 adhuc
1437 929 1562 976 certi,

106 992 217 1033 nihil
254 990 428 1029 omnino
466 989 584 1028 novi.
643 987 708 1027 Te
745 988 893 1027 abesse
932 1000 1028 1028 mea
1065 999 1195 1026 causa
1235 986 1416 1025 moleste
1454 986 1566 1034 fero,

106 1055 183 1089 tua
213 1043 394 1101 gaudeo.
452 1041 539 1083 Sed
567 1044 736 1095 flagitat
765 1043 1034 1087 tabellarius.
1093 1041 1272 1081 Valebis
1312 1042 1449 1095 igitur
1477 1052 1569 1079 me-

107 1116 201 1158 que,
234 1106 284 1140 ut
311 1113 336 1138 a
366 1111 504 1153 puero
536 1099 700 1149 fecisti,
731 1098 910 1137 amabis.

107 1216 238 1251 Ueber
262 1216 347 1260 quin
364 1224 408 1246 =
422 1213 486 1258 qui
508 1224 579 1246 non
606 1223 642 1244 u.
660 1222 686 1249 ε,
702 1223 751 1249 w.
779 1223 805 1245 s.
822 1210 944 1247 Rostii
960 1211 1058 1255 Spcc.
1076 1211 1113 1252 2,
1128 1220 1164 1255 p.
1180 1211 1215 1245 4.
1236 1226 1283 1234 -
1301 1220 1371 1242 esse
1396 1208 1569 1248 debitum,

108 1261 469 1311 pflichtsohuldigst
494 1259 717 1293 verhiessen
744 1259 811 1293 sei.

208 1322 244 1355 G.
272 1321 455 1355 CASSIO.
508 1318 545 1353 S.
573 1331 622 1352 zu
649 1330 704 1364 ep.
733 1318 890 1353 CCXLI.
918 1318 973 1352 im
999 1318 1086 1352 Anf.

206 1373 242 1405 1.
291 1381 398 1416 quum
424 1371 500 1402 iam
526 1370 644 1400 iretur
669 1367 717 1400 ad
740 1372 786 1405 te,
813 1367 868 1400 als
894 1367 1017 1400 Deine
1042 1366 1162 1400 Boten
1190 1363 1310 1398 sehon
1339 1362 1394 1397 im
1422 1360 1575 1409 Begriff

111 1429 259 1458 waren,
286 1430 334 1450 zu
361 1417 433 1449 Dir
459 1415 695 1463 abzugehen.
730 1433 776 1440 —
808 1417 957 1460 longior
981 1419 1111 1447 autem.
1163 1413 1227 1447 Sic
1256 1412 1331 1446 Md.
1359 1412 1439 1445 Bas.
1470 1411 1571 1444 Crat.

113 1466 222 1501 Vict.
249 1464 386 1499 Bened.
413 1464 550 1498 Recte:
577 1469 687 1502 „tum
704 1462 857 1496 demum
870 1467 996 1495 autem
1011 1462 1169 1509 longior
1184 1461 1330 1500 fuisset,
1358 1460 1388 1493 si
1410 1457 1575 1506 φλύαρον

114 1514 286 1557 aliquem
314 1511 531 1545 habuisset:
575 1522 686 1552 nam,
715 1511 831 1544 etiam
859 1510 890 1543 si
918 1517 1070 1554 tempus
1096 1515 1248 1554 praesto
1276 1509 1433 1548 fuisset,
1460 1506 1574 1544 seriis

113 1561 239 1600 rebus,
267 1561 312 1594 de
339 1559 476 1602 quibus
502 1557 671 1592 scribere
698 1569 804 1591 nunc
828 1569 905 1591 non
932 1558 1040 1598 licet,
1068 1558 1113 1590 ad
1140 1564 1179 1590 te
1200 1556 1355 1601 scriptis
1378 1567 1460 1588 eam
1487 1554 1574 1587 lon*

115 1609 269 1657 giorem
308 1606 471 1641 reddere
505 1616 583 1638 non
616 1608 833 1650 poteram.“
872 1609 984 1639 etiam
1016 1605 1144 1639 Lamb.
1179 1605 1320 1638 Graev.
1351 1604 1448 1642 Ern.
1485 1600 1574 1640 sch,

114 1659 209 1691 Liin.
242 1656 316 1689 OR.
342 1674 389 1680 —
414 1655 594 1688 habuisset
619 1655 641 1688 i.
669 1666 700 1688 e.
728 1654 908 1698 amplexa
934 1659 1041 1693 esset,
1069 1652 1336 1686 continuisset.
1372 1651 1575 1687 habuissem

117 1705 206 1739 Cld.
234 1703 334 1748 apud
352 1702 465 1743 Lall.‚
493 1702 575 1746 ipso
603 1708 640 1735 et
657 1703 755 1735 Ern.
784 1702 932 1748 probb„
959 1701 1110 1745 recepit
1130 1699 1219 1733 Sch.
1238 1700 1335 1732 L'un.
1368 1699 1442 1732 ΟΒ.
1470 1699 1575 1731 Lon-

119 1754 209 1800 gior
235 1752 349 1785 etiam
378 1750 541 1794 epistola
566 1750 712 1791 fuisset,
740 1750 771 1783 si
798 1761 917 1797 nugas
945 1750 1126 1794 quasdam
1152 1747 1386 1786 habuissem,
1415 1747 1460 1780 de
1487 1745 1576 1789 qui.-

120 1801 188 1833 bus
215 1806 344 1833 tecum
372 1798 493 1831 iocari
518 1808 687 1841 possem3
735 1809 825 1832 nam
861 1799 959 1831 seria
994 1803 1161 1830 tractare
1194 1796 1276 1828 sine
1301 1794 1482 1839 periculo
1509 1793 1579 1827 vix

119 1859 330 1894 possumus.
360 1846 459 1879 SCH.
488 1843 651 1892 φλύαρον
669 1856 717 1877 =
744 1846 888 1888 iocum,
915 1857 1049 1892 nugas,
1076 1851 1118 1877 ut
1136 1843 1236 1888 apud
1249 1841 1448 1886 Aristoph.
1475 1841 1578 1874 Nub.

121 1909 152 1931 v.
174 1897 256 1930 365.
274 1911 318 1919 —
339 1892 559 1934 σπουδάζειν,
587 1893 686 1926 seria
706 1900 888 1933 tractare,
913 1904 989 1927 von
1003 1894 1134 1927 Etwas
1155 1889 1408 1925 ernsthaftem
1429 1888 1579 1925 schrei-

122 1944 209 1977 ben.
245 1959 288 1967 -·
323 1945 399 1975 sine
420 1943 603 1987 periculo,
630 1953 677 1975 ne
704 1943 951 1974 incurramus
978 1942 1020 1973 in
1048 1939 1303 1974 offensionem
1332 1938 1578 1972 Caesariano-

122 2003 224 2025 rum.
253 2007 296 2015 ·—
324 1992 439 2023 aliam
465 1990 621 2023 aberrat.
649 2003 672 2023 a
698 1991 795 2030 mol.‚
824 1990 888 2022 ein
916 1989 1075 2022 anderes
1102 1986 1245 2028 Mittel,
1272 1986 1341 2019 der
1368 1984 1580 2018 verdriess-

124 2039 260 2072 lichen
287 2038 499 2072 Gedanken
525 2039 580 2071 los
608 2050 656 2071 zu
682 2037 866 2078 werden3
902 2048 979 2069 non
1016 2046 1215 2085 possumus
1248 2034 1325 2067 alio
1354 2033 1468 2066 modo
1496 2032 1580 2064 ani÷

125 2099 233 2120 inum
264 2097 422 2119 avocare
449 2098 469 2118 a
495 2086 690 2119 molestiis.
718 2104 765 2110 —
792 2086 863 2125 uhi,
889 2096 950 2119 wo
977 2084 1098 2117 bleibt
1124 2083 1238 2120 daun,
1264 2083 1384 2128 frag-st
1409 2081 1490 2122 Du,
1518 2079 1582 2113 die

127 2133 405 2178 Philosophie3
440 2133 502 2166 die
528 2133 629 2166 Dich
655 2133 754 2168 doch
780 2135 928 2167 trosten
954 2133 1079 2165 sollte.
1110 2149 1150 2156 —
1179 2133 1217 2164 in
1242 2132 1373 2164 culina.
1424 2128 1582 2161 locatur

127 2183 170 2216 in
198 2182 388 2221 Cassium,
422 2187 465 2214 ut
491 2181 750 2225 Epicureum,
787 2181 895 2225 quasi
923 2179 1121 2213 miseriam
1149 2185 1370 2222 temporum
1398 2186 1476 2209 non
1504 2175 1582 2208 alia

128 2229 251 2276 magis
285 2229 436 2262 ratione
468 2229 669 2262 levandam
696 2236 827 2275 putet,
863 2240 976 2272 quam
1004 2227 1203 2271 voluptate
1231 2225 1447 2270 epularum.
1475 2222 1581 2256 SCH.

128 2290 208 2312 mea
235 2279 272 2308 in
296 2279 487 2321 palaestra
514 2282 564 2310 est
590 2277 615 2310 i.
636 2289 668 2310 e.
693 2289 763 2325 ego
784 2289 845 2310 me
863 2276 967 2310 domi
988 2275 1029 2308 in
1049 2275 1238 2319 palaestra
1257 2273 1382 2306 hortis
1402 2272 1585 2306 adiuncta

129 2324 359 2358 ambulando
388 2335 559 2365 exerceo,
586 2326 810 2369 palaestrice
838 2325 879 2357 in
904 2330 1014 2368 xysto
1042 2322 1198 2367 spatior.
1225 2321 1352 2355 Simul
1379 2326 1505 2353 autem
1523 2330 1584 2352 re-

131 2371 298 2417 spicitur
325 2372 370 2405 ad
396 2372 635 2406 declamandi
662 2374 860 2413 exercitia,
889 2383 983 2415 quae
1011 2371 1137 2404 solent
1164 2381 1251 2402 cum
1268 2369 1458 2413 palaestra
1480 2377 1584 2400 com·

130 2420 285 2466 parari,
324 2426 366 2453 ut
399 2421 568 2453 actiones
604 2423 775 2454 forenses
810 2431 895 2453 cum
925 2420 1006 2452 acie
1034 2425 1071 2452 et
1099 2417 1361 2451 dimicatione.
1412 2415 1512 2447 SCH.
1538 2431 1588 2440 —

131 2470 266 2502 servire
292 2466 317 2500 i.
346 2478 376 2500 e.
410 2468 530 2511 pudet
558 2469 663 2501 enim
692 2480 753 2502 me
779 2468 977 2501 servitutis
1003 2479 1022 2500 a
1049 2467 1205 2501 Caesare
1233 2463 1340 2496 nobis
1368 2462 1586 2507 impositae.

132 2533 176 2540 —
198 2514 308 2558 facio
333 2539 342 2548 .
370 2540 377 2548 .
405 2527 511 2559 agere
537 2516 561 2548 i.
591 2527 621 2549 e.
649 2517 780 2559 itaque
806 2515 914 2549 aliud
939 2526 1053 2562 agere
1080 2525 1142 2547 me
1168 2512 1334 2551 simulo,
1373 2511 1440 2543 vel
1472 2510 1590 2554 spati-

134 2563 235 2597 ando
263 2562 304 2595 in
330 2563 518 2606 palaestra
544 2564 608 2597 vel
635 2563 980 2597 declamationibus
1005 2574 1066 2598 me
1090 2569 1127 2596 et
1148 2558 1373 2603 discipulos,
1400 2564 1444 2593 ut
1464 2568 1592 2602 nuper

135 2610 378 2645 Dolabellam
397 2610 580 2654 aliosque,
608 2611 834 2644 exercendo.
862 2611 963 2645 SCH.
981 2629 1027 2634 —
1048 2610 1214 2643 Platonis
1231 2606 1443 2640 servientes
1461 2605 1592 2639 obiur-

138 2659 279 2706 gantis.
306 2677 352 2683 —
369 2659 533 2704 flagitat
557 2660 712 2699 literas,
748 2659 842 2692 weil
872 2669 914 2692 er
940 2658 1053 2693 nicht
1078 2658 1218 2705 l'zinger
1243 2658 1394 2689 warten
1418 2654 1519 2691 will.
1545 2670 1594 2680 -

141 2720 164 2741 a
189 2717 314 2751 puero,
338 2717 415 2741 von
442 2707 592 2742 Deinen
620 2706 920 2742 Knabeniahren
947 2717 1007 2739 an.
