1795 3081
232 68 328 116 248
496 67 563 115 Μ.
588 70 639 116 Τ.
677 65 1019 117 CICERONIS
1055 64 1435 117 EPISTOLAE.

194 187 355 229 2risse.
415 188 541 241 Quod
583 188 760 234 scribis,
816 186 1071 228 Terentiam
1109 185 1161 227 de
1203 187 1553 242 obsignatoribus
1595 192 1683 230 mei

234 246 483 284 testamenti
523 244 666 297 loqui:
712 244 906 297 primum
946 244 1027 282 tibi
1068 242 1280 295 persuade
1318 257 1385 282 me
1426 245 1559 283 istaec
1597 258 1682 284 non

235 312 392 339 curare
422 311 560 352 neque
590 311 682 339 esse
721 297 957 351 quidquam
985 302 1061 336 aut
1090 311 1253 350 parvae
1283 311 1413 337 curae
1442 305 1516 338 aut
1545 312 1682 338 novae

234 354 332 392 loci.
377 352 463 392 Sed
492 361 637 393 tamen
666 352 772 405 quid
800 354 965 393 simile?
996 353 1079 392 Illa
1108 365 1180 391 eos
1209 366 1295 391 non
1324 351 1543 403 adhibuit,
1575 367 1682 406 quos

235 409 504 448 existimavit
533 409 814 462 quaesituros,
846 410 928 447 nisi
958 409 1152 454 scissent,
1185 407 1290 460 quid
1320 415 1443 448 esset.
1491 408 1611 448 Num
1637 406 1684 446 id
1786 376 1795 446 l

233 465 363 501 etiam
393 463 501 502 mihi
530 465 717 518 periculi
746 463 858 502 fuit?
888 461 973 502 Sed
995 469 1138 502 tamen
1166 463 1297 501 faciat
1325 464 1413 512 illa,
1443 463 1558 516 quod
1588 477 1682 517 ego.

232 516 356 557 Dabo
386 532 531 558 meum
561 525 869 559 testamentum
899 516 1124 572 legendum
1164 519 1236 557 cui
1271 518 1482 558 volueritt
1521 519 1684 557 intelli-

232 578 304 625 get
342 586 427 612 non
469 576 665 627 potuisse
706 573 1067 612 honorificentius
1107 585 1132 611 a
1172 585 1240 611 me
1280 573 1378 612 fieri
1421 572 1472 612 de
1513 579 1681 625 nepote,

232 641 362 679 quam
392 629 586 669 fecerim.
625 627 738 668 Nam
768 627 885 680 quod
914 641 1000 666 non
1030 625 1241 667 advocavi
1271 626 1326 666 ad
1354 627 1680 682 obsignandum,

230 684 420 734 primum
452 685 559 723 mihi
597 697 685 722 non
723 684 844 722 venit
881 683 927 721 in
968 688 1178 730 mentem3
1227 680 1381 722 deinde
1422 697 1471 722 ea
1508 696 1556 722 re
1595 695 1681 722 non

229 739 368 784 venit,
417 741 516 791 quia
553 737 661 776 nihil
700 738 892 776 attinuit.
950 736 1066 776 Tute
1102 739 1187 776 scis
1215 758 1270 765 -—
1311 738 1348 776 si
1378 735 1503 777 modo
1533 739 1683 776 memi-

229 794 404 831 nisti—
434 807 501 833 me
534 794 613 832 tibi
643 800 737 833 tum
767 789 939 840 dixisse,
968 798 1018 830 ut
1047 790 1098 830 de
1126 793 1214 830 tuis
1232 792 1400 845 aliquos
1423 791 1680 832 adduceres:

229 847 338 898 quid
360 850 474 887 enim
495 862 602 902 opus
626 853 719 887 erat
741 847 916 885 multis?
947 844 1159 899 Equidem
1182 845 1436 886 domesticos
1457 849 1682 887 iusseram.
1786 861 1793 893 z

229 901 345 942 Tum
375 904 456 943 tibi
488 904 666 956 placuit,
696 907 746 941 ut
775 903 992 940 mitterem
1022 899 1268 940 adSilium:
1299 901 1401 940 inde
1431 909 1494 941 est
1517 909 1680 951 natum,
1788 908 1793 913 ’“

229 989 429 1023 kommen.
481 991 593 1024 Denn
624 1002 660 1024 es
690 989 828 1022 nahete
856 989 916 1022 die
939 988 1026 1022 zeit
1051 988 1189 1030 heran,
1216 1000 1276 1022 wo
1303 1001 1346 1022 er
1369 991 1431 1022 das
1458 993 1523 1023 fiir
1552 990 1613 1024 die
1639 990 1682 1023 in

229 1038 300 1070 der
325 1038 494 1071 Auction
521 1039 734 1085 gekauften
762 1037 885 1070 Giiter
910 1036 972 1069 des
999 1037 1064 1070 Cn.
1082 1036 1284 1080 Pompeius
1310 1037 1395 1070 dem
1415 1037 1528 1071 Casar
1552 1037 1679 1071 schul-

228 1085 319 1125 (ΗΞ-θ
355 1086 453 1119 Geld
489 1086 679 1120 bezahlen
718 1091 871 1119 musste.
922 1083 997 1117 Um
1034 1083 1112 1116 also
1151 1084 1255 1117 seine
1291 1084 1445 1131 Biirgen
1479 1085 1591 1118 nicht
1624 1085 1680 1118 im

228 1124 337 1167 Stich
365 1146 411 1166 zu
438 1134 580 1174 lassen3
609 1132 747 1166 kehrte
776 1143 818 1166 er
843 1143 881 1165 so
909 1130 1060 1165 schnell
1086 1131 1248 1169 zuriick.
1285 1131 1321 1170 S,
1339 1132 1507 1179 Philipp.
1534 1133 1605 1168 11.;
1632 1143 1680 1166 ne

228 1180 268 1216 L.
298 1181 459 1213 Plancus
486 1181 643 1226 praedes
671 1191 755 1213 suos
782 1180 976 1213 venderet.

322 1229 356 1262 2.
411 1229 625 1268 Ter-entiam,
652 1228 758 1261 seine
791 1232 903 1268 erste,
937 1237 1009 1261 vor
1039 1226 1192 1274 einiger
1215 1227 1302 1261 Zeit
1319 1239 1394 1261 von
1425 1229 1507 1263 ihm
1537 1228 1680 1262 entlas-

228 1275 589 1313 seneGemahlinn,
615 1293 659 1301 —·—
687 1277 796 1320 loqui,
822 1275 956 1314 „halte
983 1274 1065 1307 sich
1090 1275 1186 1308 iiber
1212 1275 1272 1309 die
1297 1276 1420 1311 Wahl
1446 1277 1680 1322 derZeugen

228 1323 377 1356 meinos
403 1324 644 1358 Testaments
672 1322 877 1357 'dffentlich
901 1323 1003 1355 auf.“
1048 1323 1229 1357 Terentia
1255 1323 1330 1357 hoc
1354 1323 1672 1368 reprehenderat,

228 1371 331 1414 quod
360 1370 497 1405 Cicero
530 1372 571 1404 in
599 1371 836 1418 obsignando
869 1375 1096 1403 testamento
1130 1377 1241 1404 testes
1267 1373 1350 1405 sere
1376 1379 1524 1405 tantum
1552 1371 1678 1404 homi-

228 1429 295 1452 nes
323 1417 553 1452 domesticos
586 1418 826 1452 adhibuerat.
877 1417 977 1451 SCH.
1030 1417 1092 1452 Sie
1128 1417 1234 1452 hatte
1270 1419 1342 1452 den
1377 1418 1575 1466 Argwohn
1612 1429 1679 1465 ge-

227 1467 387 1504 ‘a'ussert‚
415 1466 469 1499 als
497 1467 541 1500 ob
570 1467 706 1502 Cicero
734 1465 799 1498 ihr
825 1464 1043 1499 Grosskind
1068 1466 1372 1513 vernachl'zissigt
1397 1466 1518 1509 habe,
1545 1466 1678 1499 indem

227 1511 346 1547 keine
372 1515 529 1561 Zeugen
556 1525 621 1547 aus
649 1515 720 1548 den
738 1514 765 1546 V
783 1513 1006 1547 :rwandten
1033 1513 1095 1547 des
1120 1513 1254 1548 Vaters
1275 1514 1485 1556 Dolabella,
1513 1514 1678 1547 sondern

228 1561 455 1595 dei-Bruder
475 1562 544 1595 der
563 1562 726 1595 zweiten
742 1560 978 1594 Gemahlinn
996 1573 1031 1596 u.
1051 1573 1076 1593 s.
1093 1574 1139 1596 w.
1162 1572 1237 1594 von
1249 1562 1384 1596 Cicero
1402 1563 1497 1594 dazu
1519 1572 1675 1609 genom-

210 1620 318 1643 „men
333 1611 477 1642 waren.
503 1612 605 1655 queri
624 1609 724 1643 coni.
744 1609 784 1641 in
796 1609 959 1643 M 15831.
974 1613 1193 1654 —prc'mum
1207 1609 1308 1642 ohne
1326 1610 1523 1657 folgendes
1543 1610 1676 1642 deinde.

227 1657 262 1690 S.
289 1656 437 1690 Grotef.
466 1660 493 1699 ἕ.
514 1659 593 1692 442.
644 1656 797 1690 Ramsh.
822 1655 851 1697 ἓ.
878 1658 961 1695 206,
986 1656 1026 1697 Β,
1052 1659 1086 1699 6,
1109 1668 1127 1691 e
1162 1657 1257 1689 iiber
1282 1657 1378 1689 diess
1410 1657 1676 1700 Anantapodo-

227 1711 308 1739 ton.
343 1722 389 1728 —-
423 1717 546 1745 cur-cce,
586 1704 760 1737 namlich
788 1704 1073 1752 ihrentwegen.
1110 1723 1153 1728 -—
1188 1704 1258 1737 Sed
1280 1709 1401 1738 tamen
1428 1705 1515 1751 quid
1536 1705 1679 1737 simile?

229 1751 456 1785 Ausserdem
484 1752 553 1786 hat
580 1764 617 1786 es
644 1752 744 1785 auch
773 1751 844 1784 mit
871 1751 1039 1785 meinem
1067 1752 1311 1786 Testamente
1340 1752 1426 1785 eine
1452 1752 1591 1786 andere
1609 1753 1679 1785 Be·-

229 1799 443 1833 wandtniss
469 1801 523 1833 als
551 1801 623 1833 mit
651 1800 736 1832 dem
766 1799 934 1846 ihrigen.
965 1818 1006 1824 —
1041 1800 1127 1842 Illa,
1155 1800 1252 1832 Ern.
1278 1811 1374 1844 susp.
1412 1800 1508 1845 Ipsa.
1535 1819 1583 1824 —
1607 1811 1680 1833 non

230 1847 407 1888 adhibuit,
434 1848 544 1880 nicht
559 1859 648 1881 zum
661 1847 862 1894 Besiegeln
878 1847 940 1880 des
960 1846 1118 1895 ihrigen
1134 1858 1424 1895 zugezogen.—
1441 1851 1680 1893 quaesituros,

231 1895 285 1928 sie
312 1894 471 1929 wiirden
498 1895 708 1929 Umstande
736 1895 918 1933 macheu,
958 1894 1042 1927 sich
1068 1895 1269 1941 weigern,
1309 1896 1466 1942 Zeugen
1501 1908 1548 1929 zu
1581 1896 1678 1929 sein.

229 1961 276 1967 --
303 1943 391 1988 quid
413 1948 500 1976 esset
523 1953 572 1975 Ξ.
597 1943 669 1977 den
697 1942 830 1976 Inhalt
856 1942 918 1975 des
942 1943 1194 1983 Testamems,
1220 1943 1292 1975 den
1319 1943 1371 1977 sie
1398 1943 1682 1977 verheimlicht

230 1990 371 2023 wissen
401 1991 548 2025 wollte.
577 2009 619 2016 ·-
646 1993 687 2024 id
710 2017 718 2024 .
746 2017 753 2024 .
779 1991 934 2035 periculi
949 1988 1046 2034 fuit,
1073 1990 1166 2023 hatt'
1192 1990 1258 2022 ich
1285 1991 1356 2023 Das
1385 1997 1482 2025 etwa
1507 1990 1605 2023 auch
1631 2002 1682 2023 zu.

230 2037 493 2072 bel'i'irchten?
520 2057 565 2063 —-
590 2039 660 2072 Sed
682 2044 804 2073 tamen
830 2065 838 2072 .
864 2065 872 2073 .
899 2039 994 2082 quod
1018 2051 1095 2085 ego,
1121 2038 1174 2071 sie
1200 2038 1274 2071 soll
1299 2039 1388 2072 aber
1414 2050 1489 2071 nur
1514 2038 1681 2072 dasselbe

230 2084 344 2126 thun,
371 2098 447 2119 was
474 2085 540 2119 ich
567 2087 670 2121 thue.
702 2104 739 2111 ·-
769 2089 828 2120 cui
854 2088 1020 2128 voluerit,
1048 2086 1167 2122 Wem
1195 2085 1261 2118 ihr
1287 2086 1440 2121 beliebt.
1458 2105 1504 2111 --
1523 2099 1594 2120 non
1620 2099 1682 2131 po-

231 2136 344 2167 tuisse
373 2141 464 2173 cet„
508 2134 615 2174 „dass
641 2134 706 2167 ich
731 2135 887 2167 meinen
914 2134 1047 2167 Enkel
1074 2133 1186 2166 nicht
1212 2132 1461 2167 ehrenvoller
1484 2133 1590 2167 h‘zitte
1618 2134 1682 2166 be-

235 2180 391 2214 denken
418 2181 597 2222 konnen,
627 2183 680 2215 als
707 2182 772 2215 ich
798 2181 942 2229 gethan
968 2181 1104 2214 habe.“
1141 2181 1180 2212 de
1205 2188 1331 2224 nepote
1357 2181 1523 2216 Lentulo
1547 2192 1682 2226 puero,

235 2228 390 2261 Tulliae
421 2240 466 2261 ex
495 2230 693 2264 Dolabella
719 2230 815 2263 filio.
865 2228 900 2262 S.
929 2240 986 2273 ep.
1015 2228 1178 2263 DXLVI.
1207 2241 1267 2262 am
1294 2230 1413 2264 Ende.
1448 2249 1490 2254 -—
1524 2242 1595 2262 non
1621 2230 1684 2262 ad-

234 2279 361 2309 vocavi
386 2276 530 2310 amicos
556 2284 593 2310 et
619 2285 770 2311 ornatos
796 2277 912 2317 viros,
938 2277 1003 2309 sed
1028 2276 1248 2309 domesticis
1271 2284 1473 2311 contentus
1494 2277 1551 2309 fui
1573 2288 1683 2321 prae-

234 2330 296 2358 ter
322 2322 462 2356 Silium
493 2332 530 2358 et
556 2325 780 2358 Publilium.
813 2343 846 2348 —-
877 2328 1054 2368 primum,
1081 2325 1194 2364 scito,
1220 2324 1280 2356 das
1308 2326 1395 2357 kam
1424 2324 1563 2365 daher;
1590 2324 1684 2358 weil

235 2371 302 2404 ich
327 2370 440 2403 nicht
465 2372 581 2404 daran
607 2372 757 2406 dachte.
776 2392 816 2397 —
838 2386 880 2405 ecc
901 2386 947 2409 rc,
974 2373 1208 2418 desswegen.
1229 2390 1273 2396 —-
1290 2386 1360 2406 non
1386 2376 1481 2406 venit
1507 2372 1549 2404 in
1577 2383 1685 2405 men-

235 2423 329 2458 tem,
352 2422 440 2463 quia
464 2419 561 2453 nihil
583 2422 761 2460 attinuit,
804 2421 898 2453 weil
923 2420 1061 2453 Nichts
1089 2419 1224 2452 darauf
1248 2421 1400 2455 ankam.
1425 2439 1473 2445 —-
1498 2420 1686 2453 adduceres

235 2470 350 2499 testes
379 2466 424 2499 ad
450 2468 732 2513 obsignandum
761 2473 1042 2501 testamentum.
1078 2486 1124 2492 —-
1156 2467 1329 2512 Equidem
1355 2470 1448 2501 dom.
1475 2471 1579 2507 iuss.5
1620 2467 1686 2499 ioh

239 2513 376 2547 wollte
420 2520 496 2547 erst
529 2515 626 2548 bloss
670 2515 798 2561 einige
833 2517 984 2549 meiner
1017 2515 1302 2560 Hausgenossen
1349 2516 1445 2550 dazu
1486 2515 1685 2549 bestellen.

238 2579 285 2585 -
312 2566 352 2594 ut
376 2565 557 2596 mitterem
584 2564 633 2596 ad
656 2563 797 2600 Silium,
825 2563 905 2596 dass
932 2563 996 2596 ich
1023 2562 1119 2595 auch
1148 2563 1221 2596 den
1249 2562 1368 2595 Silius
1395 2565 1491 2596 dazu
1519 2561 1686 2595 einliide.

241 2607 387 2648 Silium,
415 2621 434 2641 a
464 2621 539 2653 quo
563 2611 697 2644 Cicero
723 2610 855 2643 hortos
883 2622 1008 2644 emere
1034 2610 1199 2649 volebat,
1228 2611 1269 2643 in
1297 2611 1434 2653 quibus
1461 2621 1686 2644 monumen-

240 2662 323 2688 tum
352 2656 504 2690 Tulliae
531 2665 705 2702 poneret.
757 2657 798 2690 V.
827 2658 872 2690 ad
888 2657 1004 2692 Attio.
1030 2657 1075 2698 X,
1105 2660 1159 2692 13.
1185 2658 1270 2698 XII,
1299 2660 1356 2692 24.
1381 2659 1437 2693 25.
1466 2660 1521 2693 26.
1548 2659 1604 2692 27.
1629 2659 1684 2691 29.

237 2705 295 2739 30-
321 2706 379 2738 31.
407 2707 464 2740 33.
490 2708 547 2740 35.
576 2724 622 2730 -
660 2706 741 2739 inde
769 2710 818 2739 cst
846 2711 994 2748 uatum,
1031 2706 1128 2739 diess
1160 2706 1231 2754 gab
1266 2705 1368 2740 denn
1392 2706 1536 2739 Anlass.
1561 2723 1608 2729 —-
1640 2706 1691 2738 ad

1778 2961 1785 2992 c.-
