1795 3081
200 97 263 142 72
466 93 530 139 Μ.
565 92 617 138 Τ
655 90 995 140 CICERONIS
1031 90 1415 142 EPISTOLAE.

203 226 319 254 mus:
350 215 413 253 sic
442 212 553 251 hanc
583 224 671 251 non
701 212 842 251 solum
873 211 1120 255 adversam.
1153 213 1228 253 sed
1254 212 1451 253 funditus
1472 225 1670 252 eversam

203 270 428 309 fortunam
454 269 628 307 fortiter
652 268 770 308 ferre
791 267 1020 317 debemus3
1050 274 1098 306 ut
1120 268 1200 309 hoc
1227 270 1380 308 saltem
1403 269 1448 306 in
1471 269 1670 307 maximis

204 324 329 363 malis
360 325 463 362 boni
492 335 833 376 consequamur,
877 329 927 362 ut
964 329 1173 370 mortem,
1216 337 1345 377 quam
1384 325 1516 362 etiam
1553 323 1672 363 beati

206 385 486 419 contemnere
525 377 813 428 debebamus,
869 385 1103 431 propterea
1133 380 1249 431 quod
1285 378 1460 417 nullum
1498 391 1672 417 sensum
1702 381 1705 385 '

206 440 318 475 esset
359 433 588 477 habitura.
644 447 759 472 nunc
800 435 862 472 sic
907 435 1050 474 affecti
1092 448 1177 473 non
1218 433 1347 473 modo
1392 438 1672 472 contemnere

164 489 465 538 5debeamus,
523 488 597 528 sed
627 491 756 528 etiam
795 495 961 541 optare.
1021 489 1114 539 Tu,
1152 490 1286 528 sime
1317 489 1482 542 diligis,
1523 489 1672 528 fruere

204 546 288 583 isto
328 545 417 582 otio
458 544 622 597 tibique
657 544 869 597 persuade
913 550 1088 597 praeter
1130 545 1306 598 culpam
1342 557 1391 582 ac
1429 549 1670 595 peccatum,

206 611 292 652 qua
333 612 505 651 semper
547 600 731 639 caruisti
774 605 816 637 et
858 600 1048 649 carebis,
1107 599 1274 639 homini
1319 598 1520 638 accidere
1563 599 1674 637 nihil

206 667 351 708 posse,
396 653 513 707 quod
549 656 606 693 sit
641 655 855 693 horribile
895 661 970 693 aut
1011 652 1419 706 pertimescendum.
1479 654 1590 705 Ego,
1635 655 1673 692 si

206 708 435 748 videbitur
464 715 585 748 recte
614 710 713 748 fieri
745 723 891 762 posse,
937 709 991 748 ad
1031 716 1075 749 te
1104 712 1279 748 veniam
1308 710 1454 749 brevi:
1496 712 1535 747 si
1567 708 1676 761 quid

207 762 432 814 acciderit,
461 770 512 803 ut
541 763 794 803 mutandum
828 766 1056 803 consilinm
1087 768 1158 814 sit,
1191 771 1232 803 te
1254 766 1489 804 certiorem
1518 764 1676 802 faciam

208 821 367 859 statim.
427 818 498 858 Tu
527 820 588 858 ita
619 823 685 859 fac
717 818 903 872 cupidus
934 821 1020 859 mei
1048 819 1229 860 videndi
1261 822 1340 867 sis,
1382 825 1433 858 ut
1468 821 1598 858 istinc
1635 825 1677 857 te

208 887 263 913 ne
295 887 468 914 moveas
499 881 588 914 tam
618 876 793 913 infirma
810 874 1074 924 valetudine,
1107 877 1198 914 nisi
1224 888 1276 914 ex
1302 887 1370 913 me
1392 875 1516 927 prius
1547 887 1678 926 quae-

209 930 336 969 sieris
378 943 457 983 per
498 931 671 979 literas,
715 929 823 982 quid
863 937 906 969 te
935 930 1067 970 velim
1098 933 1256 969 facere.
1324 928 1402 968 Me
1430 929 1585 974 velim,
1628 935 1679 968 ut

209 986 340 1028 facis,
392 984 546 1039 diligas
588 984 918 1038 valetudinique
961 991 1062 1025 tuae
1102 991 1145 1024 et
1183 984 1497 1040 tranquillitati
1542 985 1679 1023 animi

210 1052 392 1080 servias.

323 1142 642 1193 EPISTOLA
680 1142 1064 1191 CCCCXXXIX.
1103 1142 1183 1202 (ad
1218 1143 1334 1192 Div.
1373 1143 1455 1190 IX.
1493 1143 1561 1202 3.)

325 1219 406 1253 scr.
434 1221 576 1254 Romae
603 1221 707 1253 circa
732 1220 820 1254 Idus
846 1221 1001 1264 Apriles
1028 1221 1070 1253 A.
1097 1220 1142 1253 U.
1171 1218 1209 1253 C.
1237 1221 1319 1254 708.
1345 1219 1392 1262 (a.
1421 1219 1461 1253 C.
1488 1222 1566 1260 46.)

212 1279 366 1313 ltux-um
403 1291 439 1313 se
474 1280 519 1313 ad
555 1280 775 1314 Varronem
811 1280 970 1320 scribit,
1009 1285 1170 1313 veretur
1204 1285 1354 1320 autem,
1390 1280 1421 1312 si
1448 1280 1555 1312 Baias
1593 1289 1682 1323 pro-

212 1328 458 1370 ficiscantur,
498 1339 546 1362 ne
572 1329 673 1369 sint,
713 1327 780 1370 qui
808 1326 846 1359 id
872 1327 1175 1371 reprehendant.
1237 1326 1284 1360 Se
1311 1337 1406 1360 vero
1431 1326 1681 1360 barbarorum

668 1385 780 1408 voces
807 1382 1069 1408 contemnere.
1120 1374 1223 1407 1-2.

731 1433 910 1467 CICERO
941 1434 1175 1468 VARRONI.

328 1485 444 1533 Etsi,
481 1482 587 1535 quid
616 1484 880 1533 scriberem,
930 1496 1017 1522 non
1051 1484 1284 1533 habebam,
1325 1489 1470 1522 tamen
1501 1481 1685 1522 Caninio

214 1537 268 1579 ad
295 1545 337 1579 te
367 1539 489 1579 eunti
519 1553 606 1578 non
636 1540 761 1592 potui
793 1539 904 1577 nihil
934 1536 1049 1577 dare.
1121 1537 1239 1590 Quid
1274 1551 1377 1592 ergo
1408 1539 1684 1592 potissimum

213 1595 428 1635 scribam?
461 1593 589 1646 Quod
609 1594 722 1634 velle
749 1600 790 1633 te
811 1599 931 1645 puto,
963 1594 1048 1633 cito
1071 1607 1138 1633 me
1164 1593 1219 1632 ad
1238 1599 1280 1632 te
1310 1606 1403 1632 esse
1432 1599 1683 1633 venturum.

212 1651 304 1689 Etsi
321 1649 435 1698 vide,
460 1662 634 1702 quaeso,
662 1650 826 1688 satisne
848 1654 1020 1687 rectum
1038 1651 1111 1698 sit,
1138 1662 1214 1687 nos
1237 1648 1320 1687 hoc
1340 1654 1461 1687 tanto
1481 1649 1686 1687 incendio

214 1707 408 1745 civitatis
447 1707 492 1743 in
533 1706 635 1743 istis
673 1704 780 1742 locis
811 1716 915 1742 esse.
974 1704 1188 1743 Dabimus
1218 1716 1462 1742 sermonem
1493 1705 1569 1753 iis,
1610 1705 1687 1757 qui

214 1795 305 1842 Lag.
333 1793 419 1827 Sch.
448 1795 543 1827 L‘un.
570 1794 735 1827 wollten
763 1795 816 1826 im
838 1794 1000 1839 Gegens.
1026 1804 1103 1827 von
1130 1795 1341 1826 adversam.
1381 1818 1388 1825 .
1414 1806 1571 1828 eversam
1589 1794 1685 1838 fort.

218 1842 358 1876 Cicero
387 1842 485 1874 liebt
513 1842 577 1874 das
606 1840 963 1882 nachdriickliche‚
1004 1841 1261 1874 mehrumfass
1267 1842 1363 1875 ende
1389 1842 1583 1874 Neutrum
1612 1842 1687 1874 Ad-

217 1891 367 1923 iectivi.
397 1888 432 1922 S.
462 1889 615 1923 Ramsh.
643 1890 680 1933 ᾗ.
711 1891 796 1928 203,
825 1892 856 1929 1,
886 1901 917 1929 a,
944 1891 976 1923 5.
1005 1891 1085 1929 105,
1113 1890 1159 1922 Ν.
1189 1891 1266 1927 152,
1295 1889 1327 1923 d.
1355 1890 1438 1936 ng
1466 1901 1538 1922 zur
1565 1890 1687 1923 Sache

216 1938 349 1972 Horat.
377 1937 503 1971 Carm.
529 1938 576 1977 H,
605 1941 636 1973 3.
668 1941 723 1971 11.
751 1951 785 1970 u.
805 1949 831 1972 s.
849 1950 896 1971 w.
918 1956 964 1960 —
981 1950 1052 1971 nrn
1071 1939 1186 1971 solum
1202 1963 1209 1970 .
1226 1939 1310 1970 ..sed
1328 1937 1457 1970 etiam.
1486 1936 1686 1972 S-Ramsh.

215 1985 253 2029 §.
283 1988 363 2027 181,
390 1987 430 2023 B,
462 1988 499 2026 l,
527 1987 614 2019 Not.
642 1986 755 2018 Anm.
784 1996 816 2017 c.
868 1985 1063 2019 Cratandr.
1092 1985 1223 2018 hamb.
1259 1985 1463 2019 sedetiam.
1498 2004 1542 2009 —
1575 1989 1687 2019 etiam

217 2035 327 2074 beati,
355 2033 454 2066 auch
483 2035 524 2066 in
551 2033 807 2080 gliicklichen
821 2033 1072 2073 Umst'a'nden,
1099 2033 1154 2066 im
1175 2033 1337 2079 Gegens.
1369 2044 1445 2066 von
1473 2046 1502 2066 s
1501 2036 1524 2065 'c
1550 2031 1686 2076 sffecii,

217 2093 258 2116 so
294 2093 384 2115 vom
411 2081 638 2115 Schicksale
674 2081 1009 2129 mitgenommen‚
1047 2091 1086 2114 so
1120 2091 1197 2114 von
1226 2081 1370 2114 beiden
1405 2081 1608 2127 befangen.
1644 2100 1687 2106 -—

213 2135 384 2176 proptem
371 2143 412 2161 ca
438 2142 505 2174 qur.
494 2130 535 2161 d
560 2110 832 2170 cet,zu1nz1hl
860 2129 905 2161 da
927 2129 1017 2162 alles
1033 2128 1181 2163 Gef'uhl
1204 2129 1264 2162 bei
1287 2128 1371 2161 ihm
1399 2129 1567 2162 aufhb'rt.
1597 2130 1687 2176 Vgl.

215 2178 370 2211 Tuscul.
399 2177 428 2210 Ι.
458 2177 584 2211 Ueber
599 2183 726 2224 propt.
741 2190 772 2223 q.
798 2190 823 2211 ε.
838 2176 989 2211 Ranish.
1005 2177 1032 2220 §.
1049 2178 1129 2218 187,
1148 2177 1253 2217 11,2
1271 2195 1317 2201 -
1338 2178 1536 2217 debeamus,
1557 2160 1687 2210 Lamb.

218 2226 422 2259 audeamus

313 2275 348 2308 5.
392 2272 522 2317 fluere
549 2277 618 2306 isto
646 2277 736 2313 otio,
762 2273 834 2306 lass
861 2273 933 2306 Dir
959 2272 1020 2306 die
1048 2272 1158 2306 Ruhe
1185 2272 1294 2307 wohl
1328 2271 1587 2311 bekommen‚
1627 2271 1688 2305 die

217 2322 291 2355 Dir
331 2321 504 2369 gelassen
538 2322 650 2354 wird.
682 2340 720 2347 -
750 2334 842 2367 qua,
878 2321 978 2355 Crat.
1008 2320 1138 2352 Lamb.
1175 2333 1244 2365 (luo
1270 2332 1420 2366 semper.
1471 2319 1506 2353 S.
1535 2319 1687 2353 Ranxsh.

220 2369 248 2412 ξ.
275 2372 334 2409 96,
361 2372 396 2408 1,
425 2381 453 2402 a.
483 2371 564 2409 159,
590 2371 624 2409 2,
651 2371 676 2402 f.
708 2389 745 2394 —
775 2375 886 2406 recte,
921 2369 994 2401 mit
1021 2367 1254 2402 Sicherheit.
1284 2388 1322 2393 —
1362 2369 1553 2401 consilium
1579 2367 1625 2400 ad
1652 2374 1689 2400 te

218 2417 418 2451 veniendi.
447 2420 516 2458 ita,
545 2428 621 2450 nur
649 2418 704 2450 bis
731 2430 778 2449 zu
808 2418 895 2449 dem
925 2416 1065 2454 Grade,
1094 2416 1168 2448 mit
1197 2417 1264 2450 der
1293 2416 1619 2462 Beschrla'nkung,
1648 2426 1690 2448 ea

218 2465 314 2513 lege.
343 2483 384 2490 —
414 2468 536 2505 istinc,
563 2475 639 2499 von
668 2465 737 2499 der
757 2465 891 2499 Stelle.
914 2482 956 2489 —
977 2466 1114 2497 servias
1136 2476 1180 2497 =
1199 2466 1387 2506 consulas,
1414 2465 1640 2508 prospicias.

319 2536 556 2572 VARRONI.
608 2536 644 2571 S.
672 2550 721 2570 zu
749 2548 807 2580 ep.
836 2535 1080 2569 CCCCXXXI
1108 2536 1162 2568 im
1192 2535 1280 2568 Ans.

315 2588 345 2620 1.
398 2587 496 2631 quid.
523 2585 618 2620 Ern
647 2585 787 2618 Bened.
813 2584 901 2617 Sch.
930 2585 1026 2616 Liin.
1054 2586 1150 2629 quod
1172 2584 1278 2617 scrib.
1306 2590 1438 2617 contra
1465 2582 1542 2620 Md,
1570 2601 1617 2607 -—
1650 2582 1689 2617 C.

221 2632 378 2667 Cam‘m'o
405 2633 544 2675 Gallo,
572 2633 639 2676 qui
666 2635 736 2668 698
763 2632 941 2666 tribunus
967 2631 1094 2676 plebis
1122 2632 1209 2664 fuit.
1261 2632 1352 2665 Vid
1380 2643 1438 2675 ep.
1467 2630 1627 2670 CXCIX,
1655 2642 1688 2662 u.

221 2680 388 2719 CXXVI,
415 2684 449 2715 [1.
477 2699 523 2706 -
550 2694 624 2715 non
649 2683 758 2726 potui
781 2680 880 2713 nihil
904 2681 1003 2718 date,
1032 2691 1068 2712 es
1095 2691 1178 2713 war
1206 2680 1283 2711 mir
1308 2678 1540 2725 unmoglich
1554 2678 1724 2711 Nichls

221 2729 486 2776 mitzugeben.
537 2729 574 2763 S.
602 2728 754 2763 Ramsh.
783 2727 818 2772 ς.
849 2730 929 2768 173,
955 2730 987 2762 3.
1025 2727 1173 2761 Grotef.
1201 2727 1235 2771 ᾗ.
1259 2730 1340 2762 337
1367 2745 1413 2751 —
1440 2727 1530 2766 tide,
1557 2739 1611 2759 nc.
1655 2725 1688 2760 S
1719 2769 1742 2780 ,
