1795 3081
572 71 888 122 EPISTOLA
923 72 1116 122 DCXV.
1476 73 1567 120 381

122 196 185 235 ait
226 196 292 234 uti
328 193 590 235 Trebatius:
629 192 736 244 quid
776 199 823 232 tu
861 193 967 231 istos
1006 196 1170 245 putas?
1210 191 1339 232 Nosti
1378 191 1566 233 domum.

125 250 270 302 Quare
301 251 464 288 confice
493 242 730 300 εὖαγώγως.
791 246 1055 287 Incredibile
1085 254 1163 298 est,
1201 261 1328 301 quam
1368 260 1447 302 ego
1485 250 1568 287 ista

122 318 209 343 non
240 318 402 344 curem.
459 304 588 343 Omni
617 303 699 341 tibi
727 303 1049 342 asseveratione
1085 303 1271 353 affirmo,
1315 302 1430 355 quod
1459 303 1568 340 mihi

125 359 276 398 credas
305 360 454 409 velim,
493 357 601 396 mihi
637 357 798 396 maiori
837 358 1066 396 offensioni
1103 371 1193 396 esse
1223 371 1351 410 quam
1380 357 1567 397 delecta-

124 416 237 454 tioni
274 413 640 467 possessiunculas
678 424 807 451 meas.
875 411 1018 466 Magis
1057 413 1172 451 enim
1210 412 1337 452 doleo
1374 422 1442 451 me
1481 426 1566 450 non

124 470 300 518 habere⁷
336 470 407 507 cui
437 466 620 515 tradam,
651 480 779 518 quam
810 465 985 512 habere,
1017 468 1093 519 qui
1122 473 1238 517 utar,
1271 466 1446 518 [laetor]
1489 467 1565 506 At-

123 537 206 577 que
236 522 349 562 illud
377 522 611 562 Trebatius
640 534 684 560 se
714 522 795 561 tibi
836 521 996 560 dixisse
1032 523 1252 561 narrabat.
1309 521 1380 561 Tu
1421 528 1568 561 autem

122 581 291 618 veritus
321 592 364 616 es
394 580 589 623 fortasse,
620 590 672 615 ne
701 589 782 630 ego
812 577 976 615 invitus
1006 576 1215 616 audirem.
1273 578 1371 616 Fuit
1400 577 1445 616 id
1474 579 1569 629 qui-

123 634 221 673 dem
257 633 564 672 humanitatis:
606 630 695 682 sed,
738 631 846 669 mihi
885 630 1028 682 crede,
1071 633 1159 671 iam
1196 633 1280 672 ista
1318 645 1406 671 non
1448 644 1556 670 curo

123 690 270 740 Quare

339 764 394 771 —-
421 762 474 770 —
501 742 557 780 cla
585 750 625 779 te
652 741 696 779 in
723 754 946 780 sermonem
974 751 1014 781 et
1040 757 1220 793 perseca,

339 806 380 836 et
408 797 577 849 confice,
614 797 766 846 excita,
797 798 1006 847 compella,
1035 798 1209 849 loquere,

124 859 174 892 ut
208 859 252 892 te
290 865 387 891 cum
428 852 507 890 illo
543 850 710 890 Scaeva
745 852 867 903 loqui
904 859 1040 905 putes.
1114 852 1182 893 Ne
1220 853 1439 892 existimes
1480 864 1568 901 eos⁷

125 910 201 961 qui
230 920 316 946 non
345 906 489 946 debita
519 907 764 945 consectari
794 907 977 958 soleant,
1017 907 1133 960 quod
1163 908 1386 958 debeatur,
1416 908 1569 946 remis-

125 975 264 1002 suros.
322 962 387 1001 De
418 961 488 1000 die
518 967 687 1000 tantum
715 960 878 1012 videto,
913 968 957 1001 et
985 961 1030 1001 id
1059 964 1200 1016 ipsum
1227 965 1341 1003 bono
1372 961 1514 1001 modo.

127 1076 339 1123 Gl'a‘ubiger
372 1073 571 1108 nahmhaft
604 1074 744 1109 verlor.
785 1073 820 1108 S.
848 1074 999 1108 sueton.
1028 1075 1098 1108 Iul.
1126 1086 1159 1111 c,
1186 1078 1242 1110 42.
1279 1094 1322 1100 —
1369 1076 1568 1109 Trebatius.

126 1125 161 1157 S.
188 1124 280 1156 iiber
307 1123 395 1155 dies.
424 1123 592 1155 Iuristen
623 1134 670 1154 zu
698 1133 754 1166 ep.
780 1125 847 1156 [131
875 1123 925 1155 im
953 1124 1037 1156 Ans.
1076 1142 1123 1147 —
1164 1125 1252 1169 quid
1273 1129 1313 1156 tu
1338 1126 1425 1157 istos
1444 1128 1569 1167 putas,

124 1171 218 1207 ἶνες
242 1171 359 1203 h‘altst
385 1170 445 1203 Du
477 1180 554 1202 von
589 1169 703 1202 ienen
737 1170 890 1203 meineri
923 1169 1179 1212 Schuldnern,
1220 1171 1278 1203 die
1312 1169 1416 1203 mich
1449 1169 1571 1203 durch

126 1219 342 1264 Abtretung
374 1227 449 1250 von
483 1216 783 1250 Grundstiicken
826 1217 1010 1251 bezahlen
1047 1219 1191 1251 wollen
1222 1218 1302 1251 und
1336 1219 1435 1252 noch
1476 1218 1569 1250 dazu

127 1266 349 1300 C‘aisarianer
373 1262 488 1297 sind?
513 1283 561 1289 —
592 1265 699 1297 Nosti
722 1266 879 1304 domum,
915 1276 987 1309 qua
1022 1265 1188 1299 cedenda
1223 1264 1370 1299 debitor·
1395 1265 1492 1298 mihi
1519 1278 1573 1297 sa-

126 1314 303 1347 tisfacere
329 1312 424 1345 vult.
451 1330 497 1335 —
523 1310 784 1357 εὖαγώγως,
820 1312 939 1346 daher
963 1313 1079 1347 suche
1106 1313 1165 1346 die
1191 1312 1308 1348 Sache
1334 1312 1455 1346 durch
1481 1317 1572 1361 gnte

127 1361 304 1407 Leitung‚
331 1359 364 1394 d.
390 1360 415 1392 i.
442 1360 507 1392 auf
530 1360 613 1393 eine
639 1364 729 1406 gute
754 1360 825 1393 Art
849 1361 1117 1396 abzumachen.
1153 1360 1213 1393 Sic
1232 1361 1297 1395 Cd.
1321 1361 1478 1400 decurt.,
1506 1360 1572 1403 qui

130 1409 170 1441 in
196 1409 334 1440 talibus
360 1406 570 1451 sequendus
597 1412 662 1440 est.
691 1406 844 1453 εἰλιῗγως
877 1412 940 1448 (Ξ
966 1410 1055 1441 bono
1079 1410 1195 1450 modo,
1224 1409 1419 1442 commoda
1446 1408 1574 1452 aliqua

128 1456 292 1496 ratione)
319 1454 398 1488 Asc.
427 1458 459 1488 1.
495 1455 593 1487 Vict.
620 1458 652 1488 1.
673 1456 707 1489 2.
735 1455 829 1489 Ern.
856 1455 943 1489 Sch.
971 1457 1066 1489 Liin.
1098 1457 1171 1489 OR.
1201 1475 1243 1481 —
1279 1457 1575 1501 qffensionirsse,

126 1516 215 1536 zum
242 1502 434 1537 Verdruss
460 1501 676 1549 gereichen.
710 1521 757 1528 -—
792 1507 851 1537 cui
874 1503 1019 1537 tradam
1045 1503 1124 1536 filia
1150 1504 1231 1536 scil.
1259 1504 1421 1545 mortua,
1456 1513 1574 1536 uxore

130 1551 307 1590 dimissa3
333 1549 417 1583 filio
444 1554 570 1583 autem
597 1554 677 1582 tuin
705 1557 888 1595 suspecto,
914 1556 966 1592 ut,
1004 1551 1097 1595 quid
1124 1552 1168 1585 de
1195 1552 1364 1585 moribus
1390 1552 1468 1585 eius
1493 1563 1575 1595 spe-

130 1603 246 1639 raret,
284 1598 449 1630 incertus
484 1602 589 1630 esset.
631 1598 729 1632 SC'H.
772 1599 807 1632 S.
844 1610 903 1643 ep.
938 1602 1019 1634 58³..
1052 1618 1096 1624 -—
1132 1598 1294 1643 [laetor]‚
1330 1599 1383 1632 als
1421 1611 1457 1632 es
1495 1599 1574 1631 mir

128 1645 276 1679 Freude
303 1644 444 1684 macht,
469 1645 522 1678 sie
547 1645 612 1677 fiir
637 1644 741 1677 mich
767 1646 879 1679 selbst
905 1659 952 1678 zu
977 1647 1176 1680 benutzen.
1212 1646 1363 1679 Adscivi
1383 1647 1572 1691 supplem.

130 1693 254 1726 Lamb.
283 1695 384 1727 1566.
425 1692 564 1725 Contra
589 1703 623 1724 v.
648 1695 787 1738 gaudeo
822 1694 866 1727 de
891 1694 918 1729 I.
946 1694 1009 1727 Fr.
1037 1695 1206 1728 Gronov.
1233 1706 1329 1738 susp.
1364 1694 1450 1728 sch.
1477 1695 1574 1727 Liin.

131 1740 293 1774 inseruit
318 1741 422 1773 inter
447 1752 554 1786 quam
578 1740 716 1774 hahere.
743 1741 872 1775 Nobbe
900 1742 944 1775 de
970 1742 1088 1774 altera
1115 1743 1142 1775 Ι.
1169 1742 1233 1775 Fr.
1259 1742 1425 1777 Gronov.
1452 1753 1575 1785 susp.:

131 1801 238 1835 quam
264 1786 420 1829 [habere]
449 1791 511 1832 qui
536 1793 629 1820 utar.
657 1807 702 1814 -
726 1791 902 1823 audirem.
937 1790 1080 1822 Davum
1107 1789 1190 1822 hast
1208 1790 1266 1823 Du
1294 1789 1428 1823 Nichts
1455 1788 1576 1822 davon

132 1836 318 1870 erwzihnt.
343 1853 388 1859 —
413 1836 656 1869 humanitatis
682 1842 768 1869 tuae
794 1837 958 1884 signum.
995 1856 1041 1861 --
1078 1839 1124 1870 da
1149 1843 1203 1871 te.
1219 1839 1391 1882 .loquere.
1427 1837 1575 1870 Comici

130 1884 225 1917 haee
253 1895 329 1916 esse
357 1881 450 1914 vidit
475 1883 656 1917 Tunstall.
683 1895 718 1927 p.
747 1885 805 1922 65,
831 1886 962 1928 sicque
989 1885 1188 1917 constituit
1213 1885 1354 1918 Nobbe.
1400 1886 1471 1918 Pro
1496 1895 1577 1927 per-

131 1944 211 1964 seca
235 1930 321 1978 lege
344 1942 484 1975 persece
511 1933 691 1975 (perseque
717 1932 868 1975 antique
905 1943 975 1976 pro
1010 1935 1247 1978 persequere).
1288 1934 1363 1967 ΟΒ,
1399 1934 1446 1965 da
1479 1938 1514 1965 te
1539 1934 1576 1965 in

132 1992 248 2018 serm„
274 1977 437 2011 versteh'
464 1977 562 2010 Dich
588 1990 634 2010 zu
660 1984 778 2026 guten
805 1980 982 2019 Worten,
1017 1980 1080 2027 gib
1117 1986 1206 2026 gute
1240 1980 1389 2014 WVorte.
1433 1992 1576 2024 ptrseca

133 2039 179 2059 z:
205 2025 386 2059 schneide
412 2025 484 2058 den
509 2026 658 2059 Knoten
685 2026 818 2064 durch,
851 2039 966 2060 wenn
994 2039 1035 2060 er
1071 2027 1154 2060 sich
1188 2027 1294 2060 nicht
1329 2028 1434 2060 lb'sen
1474 2028 1574 2060 liisst.

134 2075 229 2107 Dem
264 2073 398 2106 Cicero
438 2084 519 2106 war
554 2085 589 2106 es
623 2086 686 2107 um
725 2074 823 2107 Geld
854 2086 901 2107 zu
938 2074 1057 2114 thun3
1091 2075 1242 2108 Artikus
1275 2076 1409 2109 wollte
1448 2076 1576 2109 seinen

134 2121 294 2156 Verlust
320 2120 425 2152 dabei
450 2120 641 2154 verhiileu
667 2121 744 2154 und
769 2124 923 2169 z'dgerte
950 2122 1134 2156 desshalb.
1162 2142 1206 2148 -—
1233 2135 1313 2156 cam
1341 2125 1406 2156 illo
1433 2124 1577 2163 Scaeva,

133 2170 229 2202 Vict.
259 2172 289 2201 1.
319 2170 500 2203 Scaevola.
526 2169 778 2202 Memorabilis
813 2175 868 2203 est
901 2170 1017 2203 lectio
1052 2169 1106 2204 Cd
1145 2170 1186 2202 in
1212 2182 1262 2204 m.
1292 2172 1402 2205 1584:
1437 2176 1469 2204 et
1495 2183 1577 2204 con-

127 2217 194 2260 fiee
219 2222 254 2249 ct*
279 2219 335 2248 ita
361 2228 439 2248 cum
467 2217 567 2249 Polla
594 2218 744 2262 loquere.
782 2219 856 2252 ΟΒ.
902 2228 966 2258 „so
999 2217 1079 2250 dass
1107 2229 1142 2251 es
1165 2219 1235 2251 Dir
1272 2229 1310 2251 so
1339 2218 1576 2255 vorkomme,

133 2265 187 2297 als
214 2264 258 2297 ob
284 2264 342 2296 Du
369 2263 543 2305 redetest,
582 2264 654 2297 wie
689 2264 796 2298 iener
828 2265 1084 2312 ung-eduldige
1110 2265 1322 2299 Liebhaber
1346 2266 1474 2306 Seiva,
1510 2266 1578 2299 der

135 2313 259 2345 einem
284 2311 579 2344 verschmitzten
604 2313 793 2346 Parasiten
819 2313 889 2346 den
916 2312 1078 2360 Auftrag
1110 2313 1201 2360 gibt,
1236 2313 1339 2347 Alles
1370 2326 1417 2346 zu
1449 2325 1577 2347 versu-

136 2360 248 2396 chen,
276 2371 339 2391 um
361 2359 464 2392 seine
484 2359 656 2393 Geliebte
675 2372 738 2392 aus
765 2360 839 2393 den
857 2360 1003 2394 Klauen
1031 2361 1131 2394 eines
1157 2361 1279 2394 z‘zihen
1307 2361 1577 2408 gewinnsiich-

135 2408 241 2452 tigen
275 2405 621 2440 sklavenh'aindlers
655 2419 702 2440 zu
729 2407 906 2441 ziehen.“
943 2426 989 2431 —
1024 2408 1074 2442 Ne
1106 2411 1578 2442 existimes...remissuros

136 2453 267 2495 „bilde
293 2454 363 2485 Dir
388 2454 421 2486 ia
451 2454 560 2486 nicht
587 2455 661 2493 ein,
689 2455 769 2487 dass
789 2456 920 2494 Leute,
947 2455 1008 2488 die
1034 2457 1219 2503 gewohnt
1244 2456 1330 2488 sind
1356 2468 1402 2488 zu
1428 2459 1577 2495 :nix-suen,

135 2512 194 2534 wo
222 2501 272 2533 sie
299 2501 409 2533 nicht
435 2504 559 2548 gestiet
575 2502 710 2540 haben,
736 2502 862 2535 Etwas
882 2502 1099 2536 nachlassen
1118 2504 1284 2541 werden,
1313 2515 1388 2536 was
1415 2504 1467 2536 sie
1492 2515 1578 2536 ver-

136 2550 246 2595 mo'ge
282 2548 344 2581 des
372 2548 598 2581 C‘zisarsohen
634 2549 999 2583 Schuldenmandats
1032 2552 1086 2583 als
1116 2551 1383 2597 Schuldigkeit
1420 2551 1577 2584 forden-n

135 2596 168 2627 d.
199 2597 222 2627 i.
257 2607 303 2626 au
339 2595 405 2627 der
431 2595 605 2643 Zahlung
637 2597 820 2630 abziehen
858 2598 1033 2632 ‹liirfen.“
1081 2598 1288 2632 Vielleicht
1324 2598 1473 2631 bezieht
1497 2599 1578 2635 sich

134 2643 194 2674 das
222 2643 324 2675 Alles
350 2645 416 2675 auf
438 2643 498 2675 (lie
526 2642 683 2684 Schuld,
717 2644 849 2677 womit
875 2645 1006 2678 Cicero
1041 2657 1087 2678 an
1117 2646 1316 2681 Vestorius
1343 2647 1580 2692 angewiesen

133 2702 222 2723 war.
260 2690 293 2723 S.
322 2702 367 2722 zu
396 2702 440 2735 ep
481 2692 561 2735 590,
586 2694 617 2727 2.
646 2710 692 2715 —
718 2692 772 2726 De
797 2693 853 2726 elie
879 2697 905 2726 t.
932 2695 1016 2732 vid„
1051 2705 1122 2726 nur
1153 2693 1208 2727 bei
1234 2693 1491 2743 Bestimmung
1517 2694 1579 2726 des
