1795 3081
467 101 786 151 EPISTOLA
825 101 1128 155 CCCCXVI.
1475 109 1537 154 35

201 222 522 273 EPISTOLA
560 216 860 274 c‘CCCXVI.
927 225 1007 283 (ad
1044 223 1269 274 Atthl.
1306 228 1407 285 25.)

68 317 150 352 scr.
188 313 383 348 Brundisii
421 324 451 346 a.
482 313 517 346 d.
544 312 615 345 111.
653 312 751 346 Non.
781 312 940 355 Quintil.
967 314 1011 348 A.
1040 316 1085 349 U.
1115 315 1156 349 c,
1184 317 1267 351 707.
1319 316 1368 357 (a,
1398 316 1435 350 c.
1463 316 1540 357 47.)

69 400 227 434 Nullam
254 399 326 432 sibi
351 407 456 442 spem
483 395 755 429 consolationis
782 397 933 430 ostendi
961 397 1148 441 queritur.
1180 401 1302 435 1—2.
1332 403 1368 432 et
1395 398 1440 432 tle
1466 399 1540 433 Te-

154 446 297 482 rentiae
323 450 552 480 testamento
579 443 810 488 Tulliaeque
837 444 1005 479 divortio
1031 457 1153 490 pauca
1179 447 1389 494 subiungit*
1418 450 1450 481 3.

573 527 754 563 CICERO
781 529 960 565 ATTICO
987 529 1023 564 S.

177 604 324 643 Facile
354 603 573 642 assentior
602 603 691 641 tuis
721 602 883 653 literis,
928 602 1086 655 quibus
1126 604 1308 657 exponis
1338 603 1539 657 pluribus

69 660 218 700 verbis
248 659 420 697 nullum
450 664 493 696 te.
522 657 685 697 habere
715 657 966 708 consilium,
1008 670 1093 710 quo
1131 671 1157 697 a
1192 665 1236 699 te
1272 660 1434 712 possim
1473 661 1540 697 iu-

67 716 181 756 vari.
240 713 497 753 Consolatio
529 719 649 752 certe
678 713 802 752 nulla
839 719 920 763 est,
963 726 1074 766 quae
1112 713 1262 753 levare
1292 715 1431 767 possit
1460 713 1538 752 do-

70 772 213 810 lorem
251 782 407 808 meum.
466 767 595 806 Nihil
626 774 692 807 est
721 770 839 808 enim
878 775 1157 808 contractum
1196 782 1321 808 casu:
1353 791 1408 797 —
1437 782 1538 807 nam

69 826 117 866 id
147 831 259 866 esset
288 821 520 863 ferendum
559 845 615 852 --
649 822 725 863 sed
755 824 904 862 omnia
932 824 1114 863 fecimus
1145 825 1200 862 iis
1232 824 1462 863 erroribus
1493 830 1538 862 et

68 882 260 921 miseriis
291 886 334 919 et
363 879 499 918 animi
531 885 574 918 et
604 880 823 932 corporis,
854 878 1011 932 quibus
1042 880 1237 932 proximi
1261 880 1431 918 utinam
1452 892 1541 918 me-

70 937 170 977 deri
198 935 479 975 maluissent!
542 933 684 986 Quam
713 935 769 974 ob
799 948 909 985 rem,
954 935 1162 987 quoniam
1191 947 1333 987 neque
1363 934 1542 973 consilii

68 994 136 1032 tui
164 1004 304 1044 neque
335 990 651 1030 consolationis
675 991 933 1042 cuiusquam
962 1003 1058 1043 spes
1087 991 1180 1029 ulla
1209 990 1321 1028 mihi
1352 988 1542 1028 ostendi-

69 1055 158 1097 tur,
189 1060 277 1085 non
309 1057 517 1098 quaeram
547 1045 655 1084 haec
686 1058 710 1084 a
740 1051 783 1085 te
814 1045 1009 1098 posthac.
1069 1044 1263 1084 Tantum
1292 1046 1444 1094 velim,
1488 1056 1543 1082 ne

69 1103 367 1149 intermittas;
398 1101 565 1139 scribas
594 1100 650 1139 ad
678 1114 764 1150 me⁷
803 1100 1018 1153 quidquid
1053 1102 1204 1140 veniet
1232 1100 1316 1139 tibi
1346 1102 1392 1138 in
1421 1111 1541 1138 men-

69 1165 172 1208 tem,
205 1169 337 1210 quum
367 1155 565 1206 habebis,
606 1157 678 1196 cui
708 1155 797 1206 des,
837 1162 881 1196 et
909 1155 1014 1195 dum
1044 1157 1147 1207 erit,
1186 1155 1241 1194 ad
1277 1168 1407 1208 quem
1439 1153 1539 1193 des:

69 1212 188 1267 quod
219 1214 400 1267 longum
429 1223 517 1249 non
548 1212 648 1250 erit.
715 1211 849 1251 Illum
879 1210 1126 1251 discessisse
1154 1210 1434 1250 Alexandrea
1464 1222 1537 1248 ru-
1557 1205 1582 1244 2

69 1281 168 1308 mor
197 1274 262 1307 est
290 1279 378 1305 non
406 1266 574 1317 firmus,
605 1273 729 1306 ortus
749 1279 799 1306 ex
828 1265 1019 1320 Sulpicii
1049 1267 1216 1306 literis:
1260 1279 1365 1319 quas
1396 1265 1542 1306 cuncti

70 1330 222 1378 postea
265 1322 411 1361 nuntii
448 1323 791 1361 confirmarunt:
834 1321 953 1375 quod
981 1335 1139 1362 verum
1176 1335 1231 1360 an
1271 1323 1431 1360 falsum
1468 1321 1540 1369 sit,

0 1391 3 1437 f
70 1379 280 1432 quoniam
310 1390 406 1416 mea
434 1376 549 1415 nihil
578 1378 780 1427 interest,
809 1384 962 1416 utrum
990 1378 1158 1427 malim7
1188 1378 1351 1416 nescio.
1411 1372 1580 1427 Quod?-

0 1439 3 1483 ὲ
71 1434 127 1473 ad
169 1440 212 1473 te
264 1430 527 1485 iampridem
565 1430 618 1471 de
656 1438 921 1472 testamento
959 1432 1132 1484 scripsi,
1178 1431 1294 1484 apud
1334 1423 1542 1472 eiimovov

0 1486 2 1535 ξ
71 1490 172 1528 illas
200 1489 363 1535 velim3
406 1493 456 1525 ut
484 1488 668 1539 possint,
708 1487 926 1528 advertas.
984 1487 1075 1543 Ego
1106 1487 1236 1526 huius
1265 1487 1541 1525 miserrimae

1 1545 3 1550 ’
71 1545 274 1584 fatuitate
305 1543 530 1580 confectus
553 1543 798 1582 conflictor.
858 1542 987 1582 Nihil
1010 1554 1203 1594 unquam
1228 1542 1372 1579 simile
1390 1547 1540 1579 natum

71 1606 205 1653 puto:
237 1597 309 1637 cui
338 1597 375 1635 si
406 1609 491 1648 qua
520 1609 569 1635 re
601 1598 833 1637 consulere
862 1596 1034 1649 aliquid
1063 1609 1255 1650 possum,
1286 1597 1416 1649 cupio
1448 1608 1473 1634 a
1494 1601 1539 1634 te

71 1653 313 1694 admoneri.
373 1649 518 1691 Video
542 1652 725 1692 eandem
748 1666 840 1692 esse
860 1652 1183 1702 difficultatem,
1215 1665 1345 1705 quam
1369 1653 1414 1689 in
1435 1662 1539 1689 con-

167 1772 200 1804 1.
249 1773 284 1802 te
308 1768 438 1802 habere
464 1777 537 1801 om.
565 1766 639 1800 Md.
668 1767 782 1801 Oxon.
798 1768 832 1801 2.
860 1766 959 1800 Vict.
991 1769 1024 1801 1.
1053 1767 1088 1801 2.
1115 1765 1235 1799 Estne
1263 1777 1282 1799 e
1310 1766 1375 1800 cd.
1405 1765 1538 1808 aliquo

70 1816 270 1863 primario,
309 1828 356 1850 an
383 1815 520 1849 critici
557 1816 898 1861 supplementum?
938 1815 1132 1849 ORELLI.
1170 1833 1217 1838 -
1255 1826 1352 1854 casu,
1378 1814 1454 1847 wie
1482 1823 1539 1856 ep»

72 1865 261 1906 CCCC1V‚
290 1867 308 1898 1
336 1864 376 1897 in
403 1863 503 1898 med.
529 1882 577 1888 -—
614 1868 673 1904 iis,
708 1863 783 1896 Md.
811 1864 896 1897 Asc.
925 1867 956 1897 1.
986 1863 1086 1897 Crat.
1114 1862 1211 1895 Vict.
1242 1865 1273 1896 1.
1315 1861 1442 1894 Lamb.
1470 1861 1537 1894 his.

74 1916 149 1949 ΟΒ.
170 1932 217 1937 —
235 1914 461 1952 maluissent,
490 1923 604 1955 quam
620 1923 737 1946 novos
757 1911 908 1945 dolores
926 1910 1171 1944 addidissent.
1199 1909 1402 1957 Significat
1421 1908 1540 1951 Quin-

72 1968 154 1996 tum
188 1962 363 2000 fratrem,
397 1959 650 1999 Dolabellam,
688 1961 845 1994 fortasse
884 1969 1035 2004 quoque
1062 1957 1295 1992 Terentiam.
1341 1958 1396 1990 De
1432 1967 1543 1990 voca-

73 2010 161 2044 bulo
185 2011 349 2054 proximi
375 2009 423 2042 cf.
454 2007 624 2041 Gronov.
655 2008 827 2042 observv.
855 2019 891 2052 p.
921 2009 1000 2042 148.
1034 2007 1135 2040 SCH.
1163 2025 1210 2030 —
1246 2019 1289 2039 ne
1316 2007 1542 2039 intermittas

73 2058 241 2093 scribere
267 2056 314 2089 ad
339 2068 412 2098 me,
451 2056 523 2089 mit
549 2055 762 2090 Schreiben
798 2055 907 2088 nicht
943 2053 1225 2088 nachzulassen.
1275 2067 1318 2087 ne
1340 2056 1542 2098 pristinum

73 2108 140 2141 hoc
171 2104 333 2150 officium
366 2107 596 2138 intermittas
639 2116 683 2138 ex
726 2104 907 2148 interpol.
942 2103 1089 2137 Assens.
1124 2107 1249 2146 utraq.
1290 2101 1389 2135 Crat.
1444 2102 1539 2133 Man.

13 2152 14 2155 ¹
73 2154 202 2188 Lamb.
234 2155 306 2188 OR.
359 2152 446 2200 Vgl.
474 2164 531 2197 ep.
558 2155 640 2195 407,
667 2156 701 2188 4.
733 2165 770 2186 u.
796 2153 878 2194 405,
905 2153 938 2186 2.
985 2170 1033 2175 —
1073 2152 1170 2197 quod
1192 2153 1339 2195 longum
1365 2162 1435 2183 non
1462 2151 1543 2181 erit.

73 2202 270 2237 Nimirum
297 2212 335 2235 se
361 2211 450 2234 mox
475 2200 711 2234 moriturum
738 2201 942 2234 ominatur.
961 2199 1063 2233 SCH.
1090 2199 1175 2247 Vgl.
1203 2210 1251 2231 zu
1274 2209 1331 2242 ep.
1353 2196 1540 2238 CCCCIV,

73 2253 96 2286 3
121 2262 182 2283 am
209 2249 330 2283 Ende-

168 2311 201 2344 2.
251 2310 373 2349 Illum,
413 2307 624 2342 Caesarem.
671 2307 763 2355 Vgl.
800 2318 858 2352 ep.
895 2306 1118 2343 CCCCXIV.
1160 2308 1244 2340 init.
1287 2324 1333 2331 --
1384 2305 1543 2349 Suipz‘cii

74 2356 176 2391 Rufi.
204 2354 239 2390 S.
267 2369 314 2390 zu
340 2368 399 2401 ep.
427 2358 496 2392 365
523 2357 575 2389 im
603 2357 689 2390 Anf.
715 2359 799 2397 400,
827 2356 859 2390 4.
910 2357 965 2390 Er
989 2368 1071 2391 war
1097 2358 1166 2391 703
1189 2353 1342 2394 Consul,
1369 2352 1542 2385 schickte

76 2405 211 2439 seinen
239 2404 343 2438 Sohn
370 2416 457 2437 zum
484 2406 607 2445 C‘cisar,
644 2415 720 2437 von
747 2403 939 2437 welchem
966 2416 1008 2438 er
1034 2403 1133 2437 nach
1160 2404 1228 2437 der
1245 2400 1542 2435 Pharsalischen

77 2452 263 2487 Schlacht
290 2453 384 2486 iiber
409 2452 553 2485 Achaia
581 2457 726 2500 gesetzt
751 2452 870 2485 ward.

171 2516 204 2548 3.
256 2513 297 2546 cle
323 2517 465 2546 testam.
501 2511 537 2545 S.
575 2523 631 2556 ep.
670 2511 858 2552 CCCCXI,
891 2512 924 2546 5.
965 2530 1012 2536 —
1056 2513 1157 2556 apud
1190 2508 1265 2545 εὕπ.
1301 2511 1386 2543 illas
1423 2510 1542 2547 velim,

78 2560 178 2605 apud
203 2559 402 2594 hominem
428 2559 546 2593 fidum
573 2572 599 2593 s.
629 2560 848 2604 exploratae
883 2559 973 2593 fidei
1000 2559 1088 2593 illas
1125 2557 1361 2599 (Terentiam
1389 2561 1425 2590 et
1450 2554 1544 2589 Tul-

79 2609 187 2651 liam)
212 2609 334 2643 velim
361 2608 549 2652 deponere
576 2608 780 2641 Terentiae
806 2612 1089 2641 testamentum.
1119 2608 1222 2640 SCH„
1245 2624 1291 2629 --
1316 2607 1543 2638 miserrimae

72 2656 268 2700 fatuitate.
306 2657 364 2689 Ad
390 2656 558 2689 Tulliam
586 2655 625 2688 id
649 2655 848 2700 pertinere
874 2655 1042 2698 videtur,
1088 2654 1191 2698 quod
1227 2654 1342 2686 nimis
1379 2653 1541 2699 benigne

81 2704 127 2738 de
165 2705 363 2739 Dolabella
401 2703 632 2737 iudicaverit
675 2703 822 2747 sibique
860 2713 998 2747 parum
1038 2703 1185 2736 ratione
1230 2700 1328 2734 dotis
1373 2698 1543 2734 habenda

23 2775 24 2796 3
81 2753 331 2797 prospexerit.
373 2752 473 2786 SCH.
520 2750 555 2785 S.
593 2762 650 2796 ep.
689 2750 920 2787 CCCCXIIL
967 2769 1014 2776 -
1053 2750 1389 2786 video...consilio
1422 2749 1541 2782 dando

19 2827 25 2918 l
1176 2810 1238 2848 3*

12 2431 20 2560 ἱ

15 2562 22 2647 l
