1795 3081
235 87 332 133 256
500 80 566 127 Μ.
602 81 654 127 Τ.
694 77 1034 128 CICERONIS
1071 77 1451 129 EPISTOLAE.

194 202 484 247 2adn10nitus
515 206 639 241 esset.
698 197 784 238 Sed
813 199 921 238 haec
950 200 1112 238 iterum
1142 200 1235 253 ipse
1266 199 1445 240 viderit.
1493 200 1560 240 De
1589 201 1694 240 hor-

237 263 309 311 tis,
340 259 547 311 quoniam
578 255 753 309 probem,
785 256 908 293 effice
938 254 1119 306 aliquid.
1178 255 1387 294 Rationes
1417 268 1533 294 meas
1563 259 1692 297 nosti.

235 315 285 355 Si
314 326 422 354 vero
454 314 586 351 etiam
609 324 631 349 a
650 310 834 348 Faberio
865 310 1032 362 aliquid
1063 309 1244 360 accedit,
1274 310 1387 348 nihil
1418 313 1586 366 negotii
1615 318 1692 352 est.

235 369 323 410 Sed
370 370 503 407 etiam
544 368 636 405 sine
680 379 731 404 eo
778 378 903 418 posse
952 365 1110 404 x·ideor
1154 365 1432 405 contendere.
1503 365 1694 406 Venales

236 431 356 464 certe
394 429 494 462 sunt
532 421 682 470 Drusi,
722 423 908 459 fortasse
947 427 990 459 et
1026 419 1229 459 Lamiani
1271 427 1314 459 et
1355 420 1572 460 Cassiani:
1619 421 1695 461 sed

193 482 399 523 3coram.
469 478 536 517 De
574 475 787 515 Terentia
828 488 916 513 non
957 488 1131 528 possum
1176 475 1446 514 commodius
1483 477 1695 527 scribere,

234 548 365 589 quam
393 539 443 572 tu
471 531 641 572 scribis,
701 530 905 569 Officium
943 533 1000 569 sit
1042 530 1167 569 nobis
1210 532 1574 583 antiquissimum.
1646 530 1696 570 Si

235 589 341 643 quid
371 598 449 627 nos
480 585 703 636 fefellerit,
746 586 868 624 illius
898 587 1014 624 malo
1045 599 1114 624 me
1151 599 1279 638 quam
1322 588 1409 625 inei
1451 587 1695 638 poenitere.

195 646 373 687 40viae
404 645 449 684 C.
479 643 619 681 Lollii
658 640 850 680 curanda
889 647 990 680 sunt
1019 639 1109 680 HS.
1142 641 1188 680 C.
1247 641 1393 696 Negat
1422 642 1530 679 Eros
1568 654 1694 693 posse

236 703 331 740 sine
360 708 454 748 me3
497 696 645 746 credo,
687 695 802 748 quod
833 695 1088 749 accipienda
1117 696 1264 748 aliqua
1293 698 1350 735 sit
1380 703 1423 735 et
1452 695 1594 734 danda
1623 709 1695 735 ae-

236 756 444 795 stimatio.
505 752 679 791 Vellem
711 752 794 789 tibi
824 750 1016 790 dixisset.
1076 750 1125 789 Si
1156 752 1271 790 enim
1301 765 1370 790 res
1401 758 1479 801 est,
1509 757 1559 790 ut
1584 751 1695 789 mihi

237 810 408 860 scribit,
445 813 600 862 parata
638 819 718 844 nec
758 807 803 843 in
845 819 894 844 eo
932 808 1027 858 ipso
1065 808 1291 856 mentitur,
1337 819 1416 859 per
1453 813 1496 845 te
1536 807 1694 845 confici

192 867 394 921 5potuit.
467 862 516 902 Id
556 873 808 918 cognoscas,
852 867 896 899 et
938 861 1144 899 conficias
1186 862 1335 900 velim.
1395 860 1522 913 Quod
1550 863 1695 901 mein

235 998 280 1027 ut
306 991 446 1026 Ranio:
474 1000 611 1033 nempe
639 988 673 1021 ei
699 986 805 1020 hunc
829 986 1016 1021 honorem
1050 987 1253 1027 habuisset,
1283 991 1325 1019 ut
1358 985 1402 1020 ab
1441 996 1483 1020 eo
1523 998 1695 1021 errorem

237 1041 351 1074 illum
379 1038 523 1085 corrigi
549 1037 680 1070 vellet.
731 1036 883 1074 Bauius,
910 1037 1039 1068 forsan
1066 1033 1225 1068 libertus
1251 1035 1375 1068 Bruti.
1413 1037 1527 1068 Ram'i
1551 1046 1693 1068 nomen

236 1089 412 1123 occurrit
439 1078 494 1118 in„
512 1084 640 1129 lapide
675 1083 773 1127 apud
802 1082 1024 1116 Gruterum.
1062 1101 1104 1108 —-
1145 1084 1425 1121 Sed...viderit,
1463 1081 1560 1115 doch
1595 1082 1694 1116 auch

235 1137 308 1172 Das
335 1136 448 1182 moge
475 1145 517 1167 er
542 1143 613 1166 vor
639 1130 719 1164 sich
745 1131 858 1164 selbst
885 1135 1183 1164 verantworten.

331 1186 366 1220 2.
419 1184 457 1215 de
484 1182 610 1215 hortis.
638 1179 673 1213 S.
703 1190 757 1223 ep.
785 1180 866 1218 535,
894 1183 924 1212 1.
951 1198 997 1203 —
1024 1184 1095 1213 rat.
1121 1191 1230 1218 meas,
1256 1176 1331 1212 wie
1356 1175 1448 1211 weit
1473 1176 1600 1210 meine
1626 1176 1692 1209 Fi-

234 1242 386 1265 nanzen
412 1228 582 1264 reichen.
621 1243 659 1252 —r—
698 1227 943 1267 Si..c1ccedit‚
982 1226 1102 1272 „geht
1129 1227 1227 1259 noch
1255 1237 1328 1259 von
1354 1224 1534 1259 Faberius
1560 1225 1690 1258 Etwas

236 1278 337 1315 Geld
364 1279 437 1313 ein.
466 1289 505 1310 so
532 1277 580 1309 ist
606 1275 666 1308 die
692 1275 811 1308 Sache
839 1275 942 1308 desto
969 1275 1173 1309 lelchter.“
1220 1275 1291 1306 Mit
1318 1273 1460 1306 diesem
1494 1272 1604 1305 stand
1630 1272 1693 1306 Ci-

236 1338 325 1362 cero
353 1327 394 1359 in
422 1323 705 1359 Geldverkehr.
754 1322 789 1355 S.
819 1334 874 1367 ep.
903 1325 981 1356 543.
1008 1335 1045 1356 u.
1072 1325 1154 1363 5'47,
1181 1325 1221 1357 4:
1258 1321 1465 1354 Faber-iana
1490 1320 1601 1353 modo
1630 1331 1690 1353 res

236 1381 339 1409 certa
366 1375 426 1409 sit.
477 1371 657 1406 Faberius
685 1370 879 1403 Ciceronis
919 1370 1081 1406 debitor,
1117 1369 1199 1402 Vid.
1230 1368 1275 1402 ad
1301 1367 1414 1405 Attio,
1441 1369 1523 1407 XII,
1549 1370 1605 1402 25.
1633 1369 1689 1403 29.

233 1427 289 1459 31.
318 1425 376 1457 51.
413 1421 515 1460 XIII,
541 1422 574 1454 2.
601 1422 635 1454 8.
663 1420 719 1453 29.
747 1422 804 1454 30.
832 1421 887 1453 33.
926 1417 1001 1460 XV,
1031 1420 1087 1453 13.
1118 1437 1155 1443 —
1184 1419 1404 1458 contendere,
1431 1426 1573 1449 unsern
1598 1415 1690 1457 Plan

236 1470 503 1506 durchsetzen,
550 1478 598 1500 zu
633 1466 745 1500 recht
780 1466 970 1500 kommen.
1013 1484 1054 1490 --
1092 1466 1208 1499 Drusi
1245 1464 1363 1498 horti.
1407 1465 1550 1498 Forsan
1583 1459 1690 1496 illius

235 1518 366 1560 Drusi,
403 1517 470 1561 qui
496 1520 732 1549 memoratur
769 1515 815 1547 ad
841 1514 987 1548 Divers.
1014 1512 1115 1556 VIII,
1144 1517 1198 1547 14
1237 1513 1300 1553 XI,
1329 1515 1385 1548 19.
1425 1511 1470 1545 ad
1494 1512 1605 1545 Attio.
1636 1511 1688 1551 ΙΙ,

234 1570 270 1603 7,
306 1567 369 1606 IV,
397 1567 452 1600 15.
481 1567 525 1600 16
565 1581 610 1588 -
643 1562 819 1595 Lamiani
844 1565 878 1595 et
906 1563 1084 1602 Cassiani,
1122 1562 1188 1606 qui
1211 1566 1299 1593 sunt
1325 1561 1477 1593 Lamiae
1513 1565 1548 1592 et
1575 1557 1693 1592 Cassii

235 1614 352 1649 horti.
387 1614 479 1648 Luc.
507 1610 637 1645 Aelius
674 1611 814 1650 Lamia,
849 1621 962 1653 eques
988 1609 1178 1642 Romanus
1210 1614 1246 1643 et
1277 1609 1494 1654 negotiator
1528 1606 1567 1638 in
1597 1606 1692 1644 Asia,

236 1665 475 1698 memoratur
501 1660 546 1693 ad
572 1659 708 1692 Famil.
736 1658 801 1698 XI,
831 1660 884 1692 16.
914 1661 970 1692 17.
1008 1657 1089 1696 XII,
1116 1659 1170 1692 29.
1212 1657 1256 1689 ad
1284 1656 1396 1690 Attio.
1425 1652 1527 1695 X111‚
1554 1655 1612 1688 45.
1649 1655 1690 1686 in

236 1709 420 1754 Senatsp,
449 1708 528 1742 red.
556 1710 588 1741 5.
627 1705 726 1739 Sext.
754 1709 786 1740 3.
817 1706 912 1740 Plin.
939 1705 1020 1744 VII,
1048 1706 1103 1739 52.
1142 1705 1264 1738 Valer.
1292 1705 1387 1736 Max.
1416 1704 1446 1742 Ι,
1473 1704 1507 1736 S.
1540 1703 1692 1736 Lamiae

236 1763 369 1793 contra
395 1756 622 1789 habitatores
650 1754 784 1786 mundi
824 1750 863 1785 in
893 1753 933 1795 Q.
961 1752 1155 1786 Ciceronis
1193 1752 1302 1785 domo
1337 1751 1375 1783 in
1402 1749 1564 1783 Carinis.
1600 1749 1689 1785 Vid,

236 1806 282 1840 ad
309 1806 347 1848 Q.
375 1806 499 1838 Fratr.
528 1803 576 1843 ΙΙ,
604 1804 638 1837 3.
678 1801 803 1836 Ueber
830 1800 975 1835 Cassius
1001 1812 1026 1834 S.
1052 1812 1099 1832 zu
1127 1812 1185 1843 ep,
1215 1799 1359 1832 CCXLI
1386 1798 1439 1830 im
1466 1798 1555 1833 Anf,

331 1867 363 1900 3.
417 1864 647 1899 commodius,
675 1859 991 1907 sehicklicheres.
1010 1878 1056 1884 —
1079 1863 1129 1892 sit
1148 1886 1176 1894 ..
1197 1862 1325 1904 antiq„
1352 1857 1413 1891 die
1427 1857 1565 1890 Pflicht
1590 1867 1691 1889 muss

235 1925 307 1947 uns
332 1912 426 1945 iiber
445 1909 549 1944 Alles
576 1910 715 1958 gehen.
746 1928 789 1933 —
817 1910 856 1942 Si
882 1909 971 1953 quid
992 1921 1055 1941 nos
1074 1906 1148 1951 fef.
1176 1911 1260 1947 cet,
1287 1907 1467 1939 kommen
1492 1906 1567 1938 wir
1592 1904 1691 1937 auch

235 1960 343 1995 dabei
369 1970 416 1993 zu
441 1960 551 1998 kurz,
584 1969 624 1992 so
651 1956 737 1991 will
764 1955 827 1989 ich
864 1956 963 1990 doch
1005 1955 1137 1997 lieber,
1178 1955 1259 1988 dass
1297 1955 1351 1988 sie
1378 1952 1550 1987 Unrecht
1583 1950 1689 1993 habe,

236 2011 291 2044 als
317 2008 393 2042 ich.

331 2058 365 2090 4.
421 2056 532 2089 Ouiae
559 2054 593 2087 C'.
620 2051 734 2088 Lollii
758 2049 840 2086 scil.
868 2050 994 2084 uxori.
1023 2061 1097 2093 „an
1117 2049 1208 2084 Ovia
1233 2062 1334 2083 muss
1354 2049 1422 2082 der
1444 2046 1589 2083 Werth
1615 2057 1690 2080 von

237 2106 394 2147 100‚000
430 2102 642 2136 Sestertien
679 2103 744 2141 (Σ
767 2103 896 2138 1Ο,Οθο
922 2100 1020 2135 Flr.)
1058 2098 1210 2146 gezahlt
1240 2097 1440 2132 werden.“
1487 2094 1692 2129 Vermuth-

235 2152 319 2187 lich
346 2149 428 2185 eine
463 2149 562 2184 noch
587 2160 663 2183 von
691 2149 872 2182 Terentia
907 2146 1172 2180 herriihrende
1207 2145 1364 2181 Schuld.
1404 2144 1440 2180 S.
1468 2155 1524 2188 ep.
1550 2144 1631 2184 542,
1660 2145 1692 2176 1.

205 2214 214 2222 ’
237 2200 319 2233 und
343 2201 412 2234 548
439 2210 498 2231 am
526 2193 646 2232 Eride.
698 2196 824 2230 Ueber
862 2195 1008 2228 Lollius
1041 2194 1121 2248 vgl.
1155 2193 1200 2226 ad
1226 2190 1343 2231 Atffc.
1370 2193 1420 2235 ΙΙ,
1446 2193 1479 2226 2.
1511 2208 1551 2216 --
1584 2191 1692 2230 Eros,

239 2249 275 2284 S.
303 2258 360 2291 ep.
388 2249 469 2288 533,
495 2249 527 2281 3.
563 2264 607 2271 -
635 2257 737 2290 posse
768 2247 842 2277 sine
869 2256 923 2277 me
960 2253 1107 2283 curar13
1142 2242 1217 2275 sine
1242 2254 1309 2282 me,
1344 2240 1421 2273 nisi
1455 2249 1525 2286 ego
1556 2236 1691 2275 adsim,

238 2294 418 2332 MANUT.
449 2312 489 2318 —
518 2295 614 2339 quod
636 2293 1013 2337 accip...c‹·estimati0
1037 2290 1058 2322 i.
1085 2301 1114 2324 e.
1144 2289 1244 2332 quod
1271 2300 1329 2322 res
1357 2300 1382 2322 s.
1410 2286 1593 2332 possessio
1619 2285 1691 2319 ali-

240 2353 313 2388 qua
339 2343 382 2376 ab
410 2338 576 2382 arbitris,
605 2341 735 2384 quanti
764 2344 848 2372 'ante
876 2339 991 2372 civile
1016 2337 1158 2370 bellum
1184 2337 1328 2378 fuisset,
1367 2335 1556 2369 aestimata
1581 2346 1602 2367 a
1627 2333 1693 2367 de·

239 2391 423 2426 bitoribus
449 2388 542 2422 meis
569 2387 793 2432 accipienda
819 2387 914 2419 mihi
945 2383 992 2418 sit
1018 2390 1054 2418 et
1081 2385 1204 2424 Oviae,
1243 2385 1304 2417 cui
1342 2383 1421 2427 ipse
1449 2382 1576 2421 debeo,
1615 2386 1692 2414 tra-

239 2439 381 2478 dend33
409 2437 500 2471 weil
527 2435 629 2469 noch
655 2435 831 2468 manches
855 2433 1089 2467 Besitzthum
1114 2432 1266 2465 meiner
1288 2430 1505 2464 Schuldner
1531 2429 1572 2461 in
1599 2427 1692 2461 mei-

240 2499 312 2521 ner
340 2486 571 2532 Gegenwart
598 2483 885 2523 al)zusch':itze11‚
911 2493 986 2515 von
1011 2481 1088 2513 mir
1112 2478 1377 2512 anzunehmen
1404 2478 1483 2510 und
1502 2477 1602 2509 dann
1624 2476 1692 2508 der

241 2535 334 2568 Ovia
361 2531 674 2578 einzuh'andigen
701 2531 764 2566 sei,
818 2530 951 2563 Caesar
978 2528 1235 2564 constituerat,
1272 2532 1314 2558 ut
1341 2524 1474 2559 arbitri
1500 2525 1692 2564 darentur,

238 2593 311 2627 per
336 2591 427 2624 quos
453 2579 729 2624 possessionum
757 2582 794 2611 et
820 2589 963 2618 rerum,
991 2575 1122 2620 quanti
1151 2585 1320 2618 quaeque
1348 2585 1476 2607 earum
1502 2578 1588 2605 aute
1614 2571 1693 2604 bel-

239 2629 321 2664 lum
347 2628 517 2668 fuissent,
554 2626 834 2660 aestimationes
868 2625 1005 2658 fierent
1039 2629 1150 2666 atque
1177 2622 1266 2655 illae
1293 2620 1544 2655 creditoribus
1570 2618 1693 2651 trade-

239 2682 373 2711 rentur
400 2675 496 2719 (vid.
526 2674 628 2708 Caes.
657 2674 695 2706 B.
725 2673 802 2708 Civ.
830 2673 899 2713 111,
929 2683 960 2707 e.
989 2675 1006 2706 1
1036 2677 1072 2704 et
1100 2681 1180 2714 sup.
1207 2671 1316 2711 451).
1353 2668 1531 2704 MANUT.
1570 2684 1616 2691 —-·
1650 2665 1695 2699 Id

239 2734 444 2772 cognoscccS,
472 2722 608 2756 Kunde
636 2732 713 2754 von
740 2720 808 2754 der
834 2718 954 2754 Sache
979 2731 1027 2753 zu
1055 2718 1233 2752 nehxnen.
1515 2738 1519 2739 γ

1791 2841 1795 2883 5

1791 2922 1795 2974 i
