1795 3081
427 78 743 129 EPISTOLA
781 73 1147 125 CCCCLXXX.
1413 76 1509 125 173

14 185 17 239 Ιτ
59 202 305 245 faciendum
336 204 417 242 sit:
458 199 613 240 deinde
647 212 765 252 spem
805 211 976 250 quoque
1014 198 1173 237 habeas
1214 196 1511 235 firmissimam

14 246 17 296 f
60 266 245 312 propter
275 272 344 297 eas
375 270 536 305 causaS,
567 267 672 306 quas
701 254 870 306 scripsi.
927 253 963 290 A
1000 266 1068 292 me
1095 264 1204 292 vero
1242 252 1326 291 tibi
1363 253 1512 290 omnia

14 300 17 335 ἶ
62 315 302 366 liberisque
331 314 417 352 tuis
446 310 723 363 paratissima
753 321 844 347 esse
881 306 1069 346 confidas
1105 308 1265 346 velim:
1311 305 1357 344 id
1394 307 1513 345 enim

14 342 18 414 ²
62 375 106 408 ct
134 375 327 408 vetustas
358 366 498 405 nostri
527 365 690 402 amoris
720 369 764 402 et
791 375 886 401 mea
925 361 1192 402 consuetudo
1223 364 1268 401 in
1308 373 1424 401 meos
1469 366 1514 399 et

16 422 18 470 J
63 431 138 464 tua
168 425 307 463 multa
336 435 440 476 erga
469 433 536 458 me
567 419 713 458 officia
742 419 977 471 postulant.

151 654 469 704 EPISTOLA
506 652 867 702 CCCCLXXX.
933 649 1011 709 (ad
1046 649 1156 698 Div.
1195 649 1280 700 IV.
1318 650 1418 708 11.)

230 767 311 802 Ser.
340 765 539 811 Mitylenis
566 770 725 800 exeunte
751 774 848 798 anno
874 764 920 798 U.
949 763 988 797 G.
1018 763 1096 798 708.
1133 763 1181 805 (a.
1211 759 1251 796 C.
1277 763 1355 805 46.)

71 851 275 885 Marcellus
303 862 419 895 quum
447 850 492 884 de
517 860 582 883 suo
609 849 735 883 reditu
760 861 779 881 a
807 847 964 881 Caesare
998 846 1202 891 impetrato
1229 857 1274 880 ex
1299 846 1429 880 fratris
1455 845 1521 879 Ci-

18 904 21 932 3
68 899 293 942 coronisque
319 898 443 932 literis
471 917 511 923 —-
540 909 635 941 quae
667 901 827 930 aetatem
864 905 939 928 non
975 896 1149 928 tulerunt
1181 912 1229 920 --
1263 895 1520 941 cognovisset:

68 947 203 980 scribit
229 958 266 980 se
292 946 456 979 maxime
475 945 670 979 Ciceronis
696 943 921 977 auctoritate
949 947 1183 976 commotum
1212 942 1408 975 exsulandi
1430 953 1522 977 con-

129 994 261 1028 silium
288 993 476 1034 abiecisse,
503 993 649 1036 sibique
675 992 776 1024 nihil
801 990 943 1037 gratius
979 1000 1055 1023 esse
1082 989 1162 1023 eius
1187 990 1452 1033 similiumque

235 1041 408 1076 virorum
435 1046 471 1074 et
497 1041 705 1074 amicorum
731 1038 993 1073 benevolentia
1019 1037 1223 1084 significat.
1251 1039 1355 1074 1—2.

468 1133 762 1170 MARCELLUS
812 1132 1045 1168 CICERONI
1093 1131 1130 1169 S.

180 1219 423 1258 Plurimum
451 1218 641 1257 valuisse
669 1217 785 1270 apud
819 1230 888 1256 me
925 1223 1044 1256 tuam
1083 1229 1255 1269 semper
1283 1216 1525 1255 auctorita-

18 1277 23 1287 *
71 1282 157 1314 tem
186 1287 318 1326 quum
347 1275 393 1311 in
423 1274 542 1311 omni
572 1285 620 1311 re
660 1278 754 1311 tum
790 1273 836 1310 in
866 1271 949 1310 hoc
978 1272 1165 1310 maxime
1194 1273 1372 1327 negotio
1402 1277 1525 1324 potes

74 1331 337 1369 existimare.
397 1327 540 1379 Quum
577 1327 688 1365 mihi
726 1326 771 1367 C.
802 1326 1060 1375 Marcellus,
1102 1328 1243 1365 frater
1282 1327 1527 1365 amantissi-

20 1416 23 1429 ,
52 1397 169 1423 'mus
209 1384 311 1433 mei,
353 1395 440 1420 non
470 1383 611 1420 solum
642 1383 875 1421 consilium
904 1380 1043 1430 daret,
1081 1379 1156 1419 sed
1185 1382 1389 1432 precibus
1419 1392 1529 1432 quo-

22 1447 23 1450 ’
76 1453 158 1492 que
196 1452 265 1477 me
308 1438 581 1476 obsecraret:
629 1432 877 1489 n0n‘'prius
916 1436 1025 1473 mihi
1064 1434 1327 1487 persuadere
1366 1436 1529 1488 potuit,

77 1507 204 1546 quam
235 1493 320 1531 tuis
352 1498 415 1530 est
444 1493 646 1530 effectum
674 1492 831 1541 literis,
852 1497 901 1530 ut
916 1497 1068 1529 uterer
1083 1496 1229 1529 vestro
1251 1491 1530 1541 potissimum

20 1566 25 1582 ι
78 1549 277 1587 consilio.
348 1546 432 1585 Res
482 1545 844 1598 quemadmodum
890 1547 947 1584 sit
998 1550 1111 1594 acta,
1156 1551 1330 1584 vestrae
1372 1546 1531 1584 literae

21 1603 25 1628 ‘³
77 1604 187 1642 mihi
217 1601 455 1640 declarant.
516 1600 767 1639 Gratulatio
789 1607 871 1639 tua·
888 1601 968 1639 etsi
994 1605 1057 1638 est
1073 1599 1183 1637 mihi
1203 1601 1530 1652 probatissima,

78 1656 194 1711 quod
223 1657 276 1695 ab
307 1657 473 1708 optimo
500 1656 548 1694 fit
575 1657 744 1694 animo:
780 1661 926 1694 tamen
955 1654 1037 1692 hoc
1066 1654 1177 1692 mihi
1205 1655 1345 1694 multo
1375 1657 1531 1695 iucun-

22 1723 26 1749 2
79 1713 176 1752 dius
208 1718 272 1751 est
302 1717 344 1749 et
373 1711 555 1765 gratius,
595 1709 711 1762 quod
741 1711 785 1748 in
825 1722 990 1748 summa
1020 1710 1241 1761 paucitate
1269 1711 1532 1760 amicorum,

22 1758 27 1811 Ῐ,
80 1768 430 1821 propinquorum
470 1778 520 1805 ac
557 1766 932 1814 necessariorum,
977 1765 1052 1817 qui
1087 1774 1192 1803 vere
1230 1778 1350 1804 meae
1397 1766 1532 1804 saluti

87 1932 271 1973 ...parctt.
300 1940 380 1966 esse,
416 1927 491 1961 alle
518 1926 874 1973 Dienstleistungen
910 1926 1062 1959 meiner
1087 1925 1182 1959 Seits
1209 1926 1250 1958 in
1276 1927 1533 1974 mb'glichster

24 2013 25 2018 ¹
84 1974 333 2009 Bereitschaft
357 1974 500 2008 stehen.
535 1994 581 1998 —
616 1976 842 2015 consuetudo,
877 1973 937 2007 die
964 1973 1081 2021 Regel
1113 1973 1255 2008 meines
1281 1974 1533 2013 Benehmens.

24 2025 29 2069 ’ς
85 2043 129 2049 -
155 2036 242 2068 erga
267 2036 321 2056 me
347 2022 486 2067 officia,
515 2023 742 2057 Verdienste
768 2034 832 2055 um
858 2020 974 2058 mich,

28 2112 30 2151 g
180 2106 478 2140 MARCELLUS.
521 2106 556 2140 S.
589 2118 637 2138 zu
672 2117 728 2150 ep.
757 2104 928 2141 CCXVII
965 2104 1017 2137 im
1049 2105 1235 2153 Anfange‚
1276 2105 1532 2141 CCCCLXIV.

29 2170 30 2199 χ
89 2152 337 2190 CCCCLXVI.
384 2153 682 2189 CCCCLXVIII.

185 2227 216 2258 1.
280 2225 488 2258 Plurimum.
548 2225 619 2258 Md.
663 2225 761 2258 Vict.
796 2225 839 2258 2:
890 2223 1178 2259 MARCELLUS
1228 2226 1461 2260 CICERONI
1498 2226 1532 2260 S.

25 2274 31 2313 i]
91 2271 352 2306 PLURIMAM.
402 2273 570 2307 Valuisse.
614 2273 773 2306 Fuitne:
810 2273 854 2306 M.
893 2273 926 2305 C.
963 2273 998 2308 S.
1034 2272 1294 2307 PLURIMAM.
1336 2273 1536 2308 Plurimum

29 2343 31 2354 ³
89 2322 269 2353 valuisse?
304 2322 377 2354 ΟΒ.
416 2338 454 2346 ·-
496 2322 530 2354 C.
557 2322 700 2354 MARC.
734 2319 807 2352 Md.
846 2321 982 2353 Consul
1009 2321 1123 2355 Illam.
1163 2339 1208 2346 —·
1254 2323 1451 2367 quemadm.
1486 2326 1537 2355 sit

29 2403 31 2414 1
90 2374 186 2400 actu.
223 2366 384 2401 Cicero’s
419 2368 528 2402 Brief
560 2369 722 2402 dariiber
760 2379 807 2400 an
841 2368 913 2401 den
949 2368 1109 2402 Marcell
1145 2368 1192 2402 ist
1228 2368 1384 2402 freilich
1428 2368 1536 2402 nicht

29 2415 31 2422 '
90 2415 202 2448 mehr
228 2415 469 2457 vorhanden3
497 2416 616 2449 allein
643 2414 753 2449 Licht
780 2415 862 2462 gibt
888 2427 944 2459 ep.
968 2418 1050 2451 469.
1070 2428 1117 2448 an
1137 2415 1245 2450 Serv.
1266 2416 1472 2461 Sulpicius.
1490 2435 1537 2441 —

88 2465 299 2508 probatiss„
332 2462 466 2497 hochst
495 2463 719 2511 angenehm.
755 2480 800 2488 —
838 2465 882 2496 ab
917 2467 1064 2508 optimo.
1100 2464 1227 2497 Lamb.
1263 2464 1338 2498 del.
1372 2466 1428 2497 ab.
1463 2464 1538 2498 Sed

95 2512 164 2544 cfr.
190 2512 287 2545 Libr.
322 2513 355 2546 9.
392 2513 460 2555 Ep.
488 2515 527 2546 9:
561 2514 605 2545 ab
644 2515 780 2555 optimo
815 2517 906 2544 certe
940 2515 1252 2557 animm-scripta
1285 2524 1353 2545 esse
1387 2512 1537 2548 iudices,

83 2560 167 2592 ΟΒ.
194 2578 239 2583 ——
259 2559 322 2602 fit,
355 2559 427 2593 wie
443 2558 570 2602 ,facere
602 2561 886 2605 gratulationem
925 2571 981 2604 ep.
1009 2562 1067 2594 88.
1102 2578 1149 2584 —
1181 2572 1321 2598 necess„
1354 2558 1542 2593 n‘zichsten

94 2606 380 2653 Angehb'rigen.
432 2607 520 2639 Dass
552 2607 613 2640 die
638 2607 847 2651 propinqui
874 2607 931 2640 od.
963 2607 1217 2641 Vcrwandten
1243 2606 1326 2639 sich
1353 2618 1416 2639 aus
1443 2608 1541 2639 Mar-

96 2654 214 2687 collus
242 2654 334 2688 eben
363 2654 470 2686 nicht
502 2654 586 2689 Viel
618 2667 666 2687 zu
700 2654 857 2687 machen
891 2654 1085 2695 scffienen,
1120 2653 1275 2688 verr'ath
1302 2666 1358 2699 ep.
1386 2657 1465 2690 466.
1492 2657 1536 2689 2:

94 2705 127 2734 si
150 2704 254 2735 modo
280 2707 383 2736 erunt
409 2706 472 2734 tui.
499 2721 544 2726 —
572 2705 689 2748 cupid.
717 2706 798 2745 mei,
824 2702 876 2736 als
905 2702 1016 2737 einen
1044 2704 1169 2743 Manu,
1208 2702 1275 2735 der
1300 2702 1373 2735 den
1400 2705 1538 2737 w'zirm-
