1795 3081
448 66 773 123 EPISTOLA
811 69 1206 120 CCCCXXXIV.
1493 72 1554 118 63

90 211 228 251 neque
266 199 309 238 ei
339 208 584 235 successum
621 199 748 242 essct,
788 193 1018 246 Pompeius
1058 195 1102 232 in
1145 206 1238 232 eam
1276 191 1553 244 provinciam

90 267 189 293 cum
219 254 419 293 exercitu
446 252 582 290 venit.
632 250 795 288 Facere
824 248 1040 287 Antistius
1071 248 1184 286 nihil
1214 249 1370 301 potuit.
1423 247 1552 294 Nam,

89 310 128 348 si
159 310 388 361 potuisset,
420 306 532 345 nihil
563 306 603 344 ei
643 305 799 343 fuissset
838 301 1074 355 antiquius,
1119 317 1248 355 quam
1289 302 1344 342 ad
1375 302 1553 356 Capito-

90 378 204 413 nem,
254 377 383 417 quern
411 368 462 401 ut
503 366 732 413 parentem
771 355 998 414 diligebat,
1047 361 1238 407 reverti5
1292 358 1555 411 praesertim

90 434 214 470 qnam
244 420 392 467 sciret,
432 418 586 469 quanti
616 417 653 454 is
684 413 915 453 Caesarem
947 416 1114 453 faceret
1142 427 1396 466 semperque
1425 414 1552 453 fecis-

89 480 170 513 set.
239 472 325 513 Sed
354 485 585 526 oppressus
615 475 788 510 tantum
830 470 981 524 attigit
1019 471 1202 524 negotii,
1241 476 1452 521 quantum
1483 481 1552 507 re-

91 542 244 569 cusare
274 541 362 567 non
401 527 557 580 potuit.
617 525 762 577 Quum
798 525 1053 579 signaretur
1096 530 1326 579 argentum
1369 521 1591 576 Apollo-4

91 586 206 633 niae,
251 596 339 622 non
369 594 544 635 possum
589 580 740 620 dicere
777 592 876 618 eum
915 580 1157 632 praefuisse
1199 592 1339 631 neque
1377 592 1553 632 possum

92 652 252 695 negare
283 639 471 688 affuisse,
501 635 576 676 sed
606 649 694 675 non
724 634 822 687 plus
844 634 1028 685 duobus,
1061 648 1115 673 an
1144 634 1287 673 tribus
1318 635 1551 674 mensibus.

91 693 261 734 Deinde
291 695 404 732 afuit
432 706 458 731 a
488 693 665 731 castris:
702 691 819 746 fugit
848 703 977 729 omne
1008 691 1248 745 negotium.
1313 689 1414 728 Hoc
1443 689 1554 729 mihi

92 756 142 788 ut
171 750 273 789 testi
303 749 440 788 velim
469 747 645 788 credas:
678 758 820 786 meam
851 747 968 785 enim
998 746 1075 784 ille
1100 746 1365 785 maestitiam
1395 746 1440 783 in
1469 745 1552 784 illo

95 805 214 843 bello
243 803 437 854 videbat,
467 816 640 843 mecum
670 803 820 841 omnia
849 800 1215 841 communicabat.
1287 800 1439 852 Itaque
1476 800 1553 839 ab·

92 859 205 899 didit
234 873 279 898 se
318 861 363 898 in
404 860 607 898 intimam
643 856 969 908 Macedoniam,
1009 869 1095 909 quo
1125 857 1271 909 potuit
1301 854 1554 910 longissime

91 928 116 953 a
148 916 318 965 castris,
359 927 446 953 non
476 912 608 953 modo
646 919 695 952 ut
725 926 813 951 uon
852 918 1075 965 praeesset
1116 912 1200 950 ulli
1243 913 1438 966 negotio,
1478 909 1554 949 sed

92 971 224 1009 etiam
254 976 304 1010 ut
332 983 385 1009 ne
415 971 646 1009 interesset
675 966 865 1021 quidem.
934 967 975 1006 Is
1017 973 1116 1020 post
1154 967 1377 1020 proelium
1414 979 1458 1006 se
1499 964 1553 1004 ad

92 1026 314 1065 hominem
343 1026 651 1074 necessarium,
690 1023 739 1063 A.
772 1023 1009 1073 Plautium,
1041 1024 1087 1061 in
1116 1022 1370 1074 Bithyniam
1400 1027 1553 1060 contu-

92 1081 158 1119 lit.
225 1080 291 1119 Ibi
329 1094 427 1120 eum
467 1079 628 1120 Caesar
667 1093 802 1132 quum
836 1077 1034 1129 vidisset,
1080 1078 1193 1116 nihil
1229 1089 1398 1130 aspere,
1440 1075 1554 1115 nihil

93 1136 250 1175 acerbe
275 1134 401 1185 dixit,
432 1136 617 1175 Romam
647 1136 776 1173 iussit
804 1135 971 1172 venire.
1029 1133 1110 1172 Ille
1139 1135 1184 1172 in
1213 1133 1419 1172 morbum
1450 1144 1553 1172 con-

92 1192 217 1229 tinuo
257 1190 428 1240 incidit,
473 1204 524 1230 ex
566 1202 650 1242 quo
688 1203 776 1228 non
818 1189 1057 1228 convaluit.
1128 1189 1272 1244 Aeger
1309 1187 1554 1239 Corcyram

92 1248 237 1284 venit:
268 1246 331 1284 ibi
363 1252 428 1285 est
457 1252 673 1285 mortuus.
733 1244 1034 1295 Testamento‚
1065 1243 1182 1296 quod
1211 1244 1376 1283 Romae
1399 1243 1554 1283 Paullo

92 1307 135 1340 et
174 1301 390 1340 Marcello
430 1302 681 1341 consulibus
721 1302 898 1346 fecerat,
943 1300 1070 1339 heres
1112 1313 1165 1339 ex
1205 1305 1331 1352 parte
1368 1296 1555 1337 dimidia

94 1363 137 1395 et
172 1357 306 1395 tertia
349 1362 414 1395 est
453 1357 632 1409 Capito:
675 1357 720 1394 in
758 1361 956 1394 sextante
993 1361 1094 1394 sunt
1123 1356 1172 1405 ii,
1223 1367 1413 1407 quorum
1452 1363 1555 1408 pars

95 1469 223 1501 laudat
248 1467 424 1502 Velleius
449 1468 498 1507 ΙΙ,
526 1469 581 1502 [13.
609 1486 656 1491 —
681 1481 790 1513 neque
818 1471 849 1501 ei
875 1480 1022 1503 success.
1052 1474 1148 1505 esset,
1176 1468 1253 1501 und
1279 1479 1321 1502 er
1347 1467 1385 1500 in
1413 1467 1555 1501 diesem

94 1516 205 1549 Anite
231 1527 303 1548 von
333 1516 457 1549 einen]
486 1515 724 1562 Nachfolger
758 1515 857 1548 noch
894 1517 1003 1549 nieht
1035 1516 1227 1563 abgel‘oset
1265 1526 1357 1549 war.
1393 1534 1439 1540 ——-·
1482 1516 1555 1548 Fa-

96 1564 342 1597 cere...m'l1il
377 1569 509 1596 conti-a
547 1562 772 1606 Pompeium
810 1567 947 1608 potuit.
1010 1563 1300 1596 Remanendum
1329 1563 1364 1596 ei
1393 1568 1473 1596 erat
1500 1563 1555 1595 ibi

94 1617 132 1643 et
166 1622 236 1655 pro
270 1611 447 1654 Pompeio
494 1610 754 1657 pugnandum,
798 1611 863 1654 qui
904 1622 949 1644 ex
984 1612 1097 1644 Italia
1131 1611 1264 1654 pulsus
1304 1621 1347 1644 eo
1385 1619 1553 1644 venerat.

92 1661 226 1692 Facere
257 1669 302 1690 =
339 1669 377 1691 se
412 1669 606 1702 opponere
642 1657 821 1701 Pompeio
862 1669 939 1691 non
973 1659 1109 1703 potnit.
1151 1678 1197 1683 —
1240 1662 1429 1705 antiquius
1464 1659 1488 1692 i.
1519 1671 1551 1693 e.

93 1707 217 1751 pluris
260 1706 419 1741 fecisset.
456 1723 499 1730 —-
531 1709 749 1749 praesertim
777 1719 894 1751 quum.
923 1707 980 1739 Ex
1013 1707 1171 1750 antiquo
1205 1707 1330 1751 suppl.
1356 1706 1450 1741 Edd.
1478 1717 1554 1740 om.

95 1767 202 1800 qaum
228 1753 300 1788 Md.
330 1754 403 1786 OR.
431 1772 477 1778 —
505 1766 693 1798 oppressus
719 1766 740 1786 a
765 1754 955 1798 Pompeio,
982 1765 1068 1787 vom
1087 1755 1290 1799 Pompeius
1318 1753 1553 1795 uberi-ascht,

94 1801 350 1848 iiborwiiltigt,
390 1800 503 1833 nahm
538 1813 580 1834 er
615 1814 661 1834 an
700 1802 832 1835 desscn
858 1802 1033 1836 H'cindeln
1068 1814 1143 1835 nur
1174 1802 1315 1850 gei-ade
1348 1813 1386 1836 so
1422 1802 1554 1836 vielen

93 1849 264 1889 Auffieil,
306 1850 358 1882 als
395 1861 437 1882 er
470 1850 652 1897 vermoge
685 1850 807 1884 seinos
846 1849 1124 1892 Qu‘cistoramtes
1159 1850 1270 1884 nieht
1302 1848 1554 1899 ausschlagen

94 1897 250 1931 konnte.

188 1947 223 1978 ’4.
276 1956 384 1990 quum
418 1948 511 1990 sign.
548 1957 629 1990 arg.
666 1946 770 1979 iussu
802 1947 989 1990 Pompeii.
1028 1964 1075 1971 —
1117 1949 1350 1992 Apolloniae,
1388 1945 1456 1979 der
1489 1958 1553 1980 aus

0 1997 3 2016 ¹
94 1992 163 2025 der
191 1992 566 2039 Apostelgeschichte
599 1992 817 2027 bekannten
845 1993 952 2027 stadt
978 1994 1265 2036 Macedoniens,
1305 1995 1425 2029 deren
1457 1994 1552 2028 Ein-

95 2039 259 2073 Wohner
284 2040 469 2074 Makrobii
494 2048 668 2087 genannt
692 2042 866 2076 wurden.
893 2061 940 2067 —
964 2042 1100 2087 praef„
1127 2043 1207 2077 dass
1234 2055 1278 2077 er
1298 2043 1358 2077 die
1376 2041 1555 2076 Aufsicht

94 2087 257 2121 ‹lariiber
283 2088 434 2135 gehabt.
460 2108 507 2113 —-
533 2089 692 2133 affuisse.
729 2091 845 2134 Neap.
874 2091 959 2124 Asc.
990 2095 1019 2124 1.
1055 2090 1188 2124 Lamb.
1216 2104 1295 2126 eum
1321 2091 1386 2137 aff.
1412 2109 1459 2115 —
1492 2104 1553 2125 an.

96 2136 213 2179 Neap.
242 2135 324 2169 Asc.
353 2140 383 2170 1.
419 2136 646 2178 Gran—Man.
674 2138 803 2170 hamb.
830 2144 906 2171 aut.
935 2139 1005 2172 cfr.
1032 2139 1143 2172 Hand
1165 2139 1331 2173 Tursell.
1361 2143 1390 2174 1.
1415 2142 1552 2185 p 300.

96 2184 169 2216 ΟΒ.
204 2184 461 2231 Vgl.Ramsh.
488 2186 515 2228 §.
545 2187 626 2224 174,
652 2188 686 2227 3,
714 2185 749 2227 d,
779 2186 864 2219 Not.
893 2189 926 2222 2.
955 2190 988 2222 3.
1015 2206 1062 2211 —
1089 2200 1169 2234 quo,
1191 2187 1451 2233 Lambffuam.
1477 2188 1551 2221 OR.

94 2237 247 2275 —post
268 2234 449 2277 proelium
469 2233 744 2268 Pharsalicum.
779 2252 825 2258 —-
863 2236 914 2268 ad
945 2235 1037 2269 hom.
1072 2248 1145 2269 nec.
1182 2235 1254 2269 Md.
1292 2237 1343 2269 ad
1374 2236 1553 2270 hominem

93 2291 128 2313 se
153 2291 226 2314 nec.
277 2279 335 2312 An
360 2282 431 2314 sibi
455 2283 556 2315 nea?
583 2281 772 2316 ORELLI.
805 2301 851 2308 —
885 2284 928 2316 A.
959 2284 1143 2317 Plautium
1170 2283 1449 2326 Caesarianum,
1486 2285 1552 2328 qui

94 2332 176 2359 tuin
211 2327 433 2372 Bithyniam
468 2334 505 2363 et
536 2330 698 2362 Pontum
732 2341 803 2374 pro
836 2337 1015 2375 praetore
1046 2331 1253 2365 obtinebat.
1291 2332 1390 2366 SCH.
1428 2351 1475 2356 —
1513 2336 1551 2366 in

93 2375 315 2419 Bithyniam,
343 2375 451 2410 einer
475 2377 710 2410 Romischen
738 2379 917 2420 Provinz,
951 2379 1100 2413 welche
1134 2379 1207 2413 den
1233 2380 1409 2427 gr'dssten
1435 2379 1552 2414 Theil

94 2422 164 2455 der
194 2423 445 2456 unmittelbar
475 2437 535 2457 am
568 2425 790 2459 schwarzen
827 2428 952 2460 lucore
987 2428 1204 2475 gelegenen
1240 2428 1392 2461 L'finder
1418 2428 1551 2462 Klein-

95 2471 218 2503 asiens
245 2471 286 2503 in
307 2471 390 2503 sich
411 2472 560 2518 begriff.
588 2492 633 2497 -
660 2476 805 2508 vidisset
819 2480 902 2519 post
924 2468 1069 2509 bellum
1090 2475 1409 2516 Alexandrinum,
1429 2487 1548 2520 quum

96 2523 228 2550 contra
262 2518 495 2552 Pharnacem
533 2527 734 2567 pugnaret.
773 2541 819 2546 —-
863 2523 990 2557 Paullo
1023 2529 1057 2557 et
1083 2525 1258 2557 Marcello
1286 2527 1432 2565 consul„
1470 2523 1548 2557 also

95 2568 175 2601 70¹4,
249 2589 259 2607 9
306 2567 361 2598 im
397 2567 508 2602 Iahre
543 2581 612 2602 vor
646 2569 732 2602 dem
767 2570 941 2616 Anfange
978 2571 1040 2605 des
1076 2571 1391 2618 BiirgerkriegeS.
1426 2591 1472 2596 —
1510 2584 1549 2606 ex

95 2619 200 2658 parte
227 2615 382 2647 dimidia
408 2620 442 2647 ct
467 2619 592 2658 tertia,
619 2627 694 2649 von
721 2618 810 2654 sijnf
832 2611 1016 2652 Scclistel.
1082 2618 1206 2660 Quum
1242 2624 1318 2652 tofa
1354 2619 1549 2653 hereditas

97 2673 122 2694 s.
151 2673 186 2694 as
213 2661 409 2694 dividatur
436 2662 477 2695 in
503 2676 555 2697 xu
581 2664 722 2704 unciam,
754 2677 842 2710 pars
878 2666 1039 2700 dimidia
1075 2673 1111 2700 et
1137 2667 1252 2700 tertia
1279 2666 1381 2700 idem
1417 2674 1472 2701 est
1504 2679 1548 2701 ac

95 2709 258 2743 semissis
286 2716 321 2742 ct
348 2710 466 2744 triens
499 2710 596 2748 h..e.
625 2712 810 2754 dextans3
843 2715 965 2748 nostri
1000 2715 1172 2748 dicerent
1206 2713 1249 2760 ἒξ
1285 2715 1346 2748 vel
1380 2714 1401 2759 -ἓ
1434 2716 1548 2749 totius
