1795 3081
242 88 339 133 274
507 84 573 131 M.
608 85 661 132 Τ.
698 82 1044 134 CICERONIS
1079 83 1453 134 EPISTOLAE.

242 205 451 255 nobilem,
482 206 676 244 fructum
706 212 851 245 autem
880 206 1107 245 neutrius·
1151 203 1269 257 quod
1307 211 1453 244 tamen
1488 211 1594 258 puto
1624 219 1704 246 nos

242 263 357 300 scire
388 266 610 312 oportere
668 259 755 299 Sed
784 261 893 299 mihi
921 262 1084 300 utrivis
1113 260 1301 299 ist01um
1330 267 1530 313 tempore
1565 263 1704 317 magis

243 329 341 355 meo
372 328 501 368 quam
532 317 705 355 ratione
736 315 995 356 aestimandi
1025 322 1138 354 sunt.
1197 315 1363 353 Possim
1403 321 1550 355 autem
1588 330 1703 357 asse-

242 373 318 423 qui
353 384 504 419 necne,
536 377 583 410 tu
612 372 749 410 velim
779 373 958 426 cogiteS.
1015 370 1064 410 Si
1084 371 1201 410 enim
1223 370 1512 409 Faberianum
1541 370 1703 411 vende-

242 439 348 472 rem,
401 426 624 479 explicare
664 427 735 466 vel
775 427 1179 479 repraesentatione
1222 438 1310 464 non
1349 424 1600 465 dubitarem
1649 425 1703 466 de

240 480 438 531 Silianis,
469 482 506 520 si
527 481 656 520 modo
681 480 992 531 adduceretur,
1021 487 1072 520 ut
1089 479 1322 522 venderet.
1354 482 1391 520 si
1410 482 1586 521 venales
1613 495 1703 521 non

240 536 438 586 haberet,
469 538 704 576 transirem
734 536 788 575 ad
816 537 882 575 D1
885 550 1011 575 usum
1040 536 1113 575 vel
1141 537 1268 586 tanti,
1314 538 1466 588 quanti
1492 537 1703 593 Egnatius

240 591 367 631 illum
404 592 521 630 velle
567 592 651 630 tibi
699 590 824 630 dixit.
897 591 1062 646 Magno
1110 592 1243 630 etiam
1280 569 1551 631 adiumento*
1575 592 1703 631 nobis

239 646 543 701 Hermogenes
572 652 716 699 potest
756 659 846 686 esse
889 648 934 685 in
972 624 1356 699 repraesentando.
1413 646 1470 685 At
1511 653 1560 686 tu
1599 660 1702 686 con-

240 700 345 740 cede
375 702 500 751 mihi,
541 715 716 753 quaeso,
764 708 814 740 ut
843 715 892 741 eo
924 703 1069 740 animo
1100 703 1196 750 sim,
1228 715 1313 753 quo
1342 704 1379 740 is
1409 701 1566 742 debeat
1595 715 1699 749 esse,

240 758 315 808 qui
347 769 492 795 emere
522 758 695 809 cupiat.
729 763 771 796 et
802 763 945 798 tamen
985 759 1131 796 servio
1170 758 1233 795 ita
1263 756 1497 810 cupiditati
1541 764 1584 797 et
1623 757 1701 796 do·
1762 781 1765 785 -

239 811 328 850 lori
364 825 477 861 meo,
522 818 571 850 ut
608 825 632 850 a
675 818 718 851 te
761 813 856 866 legi
894 813 1043 851 velim.
1100 812 1309 866 Egnatius
1359 813 1469 851 mihi
1506 814 1697 866 scripsit.

237 866 278 905 Is
309 867 346 904 si
377 865 482 919 quid
511 873 657 906 tecum
686 868 860 905 locutus
890 868 977 906 erit
1003 888 1060 895 —-
1088 845 1438 907 commodissime
1477 869 1592 907 enim
1621 881 1702 920 per

191 967 194 972 ,
238 935 338 961 eum
367 923 437 977 agi
468 928 611 974 potest
642 944 697 949 -—-
726 921 781 960 ad
821 935 889 960 me
919 922 1108 960 scribes.
1152 927 1195 960 et
1234 921 1279 960 id
1321 921 1537 976 agendum
1577 929 1699 976 puto.

238 976 352 1015 Nam
383 990 482 1015 cum
511 976 625 1016 Silio
656 990 744 1014 non
773 975 902 1015 video
923 977 1080 1015 confici
1102 990 1239 1029 posse.
1298 977 1436 1017 Piliae
1460 984 1504 1016 et
1525 978 1700 1017 Atticae

237 1032 436 1071 salutem.
502 1032 627 1071 Haec
670 1031 725 1072 ad
762 1038 805 1072 te
848 1045 944 1071 mea
985 1045 1130 1072 manu.
1196 1030 1329 1083 Vide,
1373 1045 1548 1086 quaeso,
1593 1032 1700 1086 quid

237 1086 454 1142 agendum
483 1087 554 1128 sit.

235 1248 351 1282 hatte.
404 1248 480 1281 Ein
507 1247 546 1282 C.
575 1248 768 1292 Coponius
794 1248 896 1282 wird
923 1248 968 1281 ad
992 1249 1142 1283 Divers.
1163 1251 1269 1292 1,31‚
1299 1250 1345 1283 ad
1370 1250 1483 1283 Attio.
1514 1250 1620 1288 VIII,
1639 1250 1696 1288 12,

235 1296 297 1329 ein
324 1298 370 1329 M.
399 1296 592 1340 Coponius
618 1296 664 1330 de
692 1297 789 1331 Orat.
819 1297 849 1336 1,
875 1298 932 1332 39.
970 1297 1020 1336 ΙΙ,
1048 1298 1104 1330 32.
1145 1298 1248 1332 Brut.
1276 1300 1332 1336 52,
1359 1298 1420 1332 ein
1446 1298 1488 1332 T.
1507 1297 1697 1341 Coponius

234 1346 275 1376 in
302 1344 399 1377 Orat.
427 1343 530 1376 Balb.
556 1347 603 1379 33
642 1343 840 1385 erw'aihnt·
877 1355 916 1378 so
951 1344 1026 1377 wie
1059 1345 1102 1379 Τ.
1130 1358 1166 1380 ιι.
1196 1346 1236 1380 C.
1265 1346 1455 1391 Coponius
1490 1345 1543 1378 als
1569 1345 1698 1378 Enkel

235 1392 298 1425 des
326 1393 532 1425 Letzteren
566 1391 607 1423 in
635 1391 669 1424 d.
697 1391 798 1425 Rede
824 1403 895 1436 pro
922 1391 1025 1425 Coel.
1055 1396 1170 1428 c.10.
1210 1412 1255 1418 —
1289 1397 1414 1433 nobzl.‚
1453 1393 1694 1427 ansehnlich

235 1458 276 1465 -
297 1439 468 1484 fructum
493 1444 616 1473 autem
641 1443 806 1473 neutrius
832 1440 917 1473 scil.
944 1440 1048 1481 novi,
1084 1440 1173 1475 aber
1206 1441 1337 1475 beider
1361 1442 1505 1496 Ertrag
1538 1441 1585 1474 ist
1619 1441 1697 1474 mit·

233 1487 464 1521 unbekannt
499 1506 547 1513 —-
581 1493 778 1532 tempore..
793 1490 957 1522 .ratione
989 1488 1013 1521 i.
1043 1499 1072 1522 e
1107 1490 1228 1537 magis
1253 1501 1324 1534 pro
1352 1490 1576 1524 necessitate
1602 1489 1696 1522 hor-

232 1540 288 1568 tos
324 1535 398 1569 hoc
432 1540 607 1580 tempore
643 1535 811 1576 emendi,
850 1548 965 1580 quam
1000 1547 1072 1580 pro
1110 1549 1206 1572 vero
1238 1548 1369 1572 eorum
1410 1537 1548 1582 pretio.
1591 1537 1695 1570 SCH.

231 1587 413 1629 „,.r1ssequi,
441 1584 486 1617 ob
513 1583 579 1617 ich
605 1584 695 1618 aber
722 1583 783 1616 die
811 1584 942 1618 Mittel
973 1583 1080 1626 habe,
1118 1585 1180 1619 die
1207 1585 1294 1619 eine
1328 1586 1420 1619 oder
1459 1586 1519 1619 die
1555 1585 1695 1619 andere

231 1631 355 1665 dieser
380 1631 636 1686 Besitzungen
668 1644 715 1665 an
749 1631 853 1665 mich
887 1644 935 1664 zu
970 1632 1122 1674 kaufen,
1154 1645 1202 1666 zu
1236 1633 1409 1680 bringen.
1466 1633 1593 1667 Ueber
1632 1633 1694 1666 die
1755 1636 1758 1639 '

231 1679 325 1712 villa
352 1678 502 1713 Siliana
528 1693 554 1715 s
585 1692 642 1724 ep.
670 1681 750 1716 545,
779 1682 809 1712 1.
839 1698 885 1704 —
910 1681 1155 1714 Faberianum
1181 1683 1206 1715 i.
1236 1693 1264 1716 e
1298 1681 1510 1725 praedium,
1546 1680 1649 1724 quod
1674 1692 1694 1713 a

230 1727 389 1760 Faberio
416 1727 502 1772 lege
528 1728 631 1761 Iulia
657 1728 699 1760 in
727 1727 893 1761 solutum
919 1733 1147 1772 acceptulus
1174 1741 1268 1763 sum.
1295 1729 1481 1763 BOSIUS.
1510 1728 1545 1762 S.
1567 1740 1614 1761 zu
1633 1739 1692 1772 ep.

228 1776 313 1813 543,
342 1778 372 1808 1.
408 1777 490 1813 547,
516 1777 549 1809 2.
588 1794 619 1800 -—
651 1776 868 1820 explic...de
890 1776 1054 1814 Silianis,
1082 1776 1154 1810 den
1173 1777 1272 1810 Park
1297 1776 1359 1810 des
1375 1776 1495 1810 Silius
1521 1776 1609 1809 baar
1635 1776 1694 1809 be-

230 1822 369 1855 zahlen
401 1835 448 1855 zu
482 1823 650 1856 konnen.
685 1825 743 1857 vel
765 1835 920 1867 repr-aes.
949 1825 974 1857 i.
1004 1835 1035 1857 e.
1069 1825 1149 1858 sine
1188 1835 1295 1858 mora
1329 1829 1452 1858 totum
1491 1824 1692 1869 emptionis

230 1871 401 1914 pretium
435 1871 702 1914 persolvendo.
743 1873 843 1906 SCH.
879 1890 925 1896 -
963 1876 1159 1906 transirem
1185 1874 1235 1905 ad
1256 1874 1419 1906 Drusum
1456 1872 1480 1906 i.
1509 1883 1539 1906 e.
1574 1871 1692 1905 Drusi

231 1918 415 1951 villulam
441 1920 497 1951 vel
520 1922 634 1961 tanti,
663 1931 702 1953 so
727 1919 860 1953 wiirde
887 1920 953 1953 ich
979 1920 1085 1953 mich
1110 1922 1174 1953 fur
1201 1920 1262 1954 das
1285 1920 1485 1954 Landhaus
1512 1920 1575 1954 des
1590 1920 1693 1953 Dru-

229 1978 289 1999 sus
316 1965 557 2005 besthnmen,
584 1967 663 2000 und
688 1970 790 2002 ννὲὶΓθ
816 1979 852 2001 es
879 1968 977 2001 auch
1003 1970 1068 2002 fiir
1095 1969 1167 2003 den
1188 1968 1288 2002 Preis
1308 1980 1382 2001 nur
1400 1968 1479 2002 feil.
1498 1987 1544 1992 -
1562 1970 1694 2013 quanti

228 2015 322 2059 Egn.
355 2017 460 2047 illum
486 2017 571 2048 velle
598 2016 805 2050 vendere..
822 2018 908 2057 dix„
937 2016 1009 2050 den
1036 2028 1078 2050 er
1104 2016 1201 2050 nach
1223 2017 1390 2064 Aussage
1417 2016 1479 2050 des
1502 2015 1689 2064 Egnatius

228 2073 353 2109 geg-en
368 2062 467 2096 Dich
486 2064 677 2111 verlangt.
697 2083 736 2088 —
758 2065 1011 2110 Hermogenes,
1034 2065 1133 2098 nach
1149 2063 1290 2098 ὃοΙιίιῐΖ
1312 2064 1496 2104 derselbe,
1515 2046 1691 2098 welcher

229 2121 287 2154 ep.
306 2112 386 2148 5⁷43,
404 2113 433 2144 1.
462 2111 516 2145 als
537 2111 597 2145 ein
612 2092 834 2146 Schuldner
854 2112 917 2147 des
933 2113 1068 2146 Cicero
1097 2112 1273 2147 erw'a‘hnt
1293 2112 1369 2153 sei,
1390 2111 1487 2145 nach
1499 2111 1688 2146 Corradus

227 2158 318 2191 aber
333 2158 502 2192 derselbe
517 2160 587 2192 mit
598 2160 859 2207 Hermogenes
872 2161 1039 2199 Clodius,
1058 2161 1142 2194 dem
1159 2173 1178 2193 r
1183 2160 1320 2194 eichen
1330 2160 1458 2194 Sohne
1474 2160 1537 2194 des
1547 2158 1689 2193 Schau-

225 2206 388 2250 spielels
427 2206 595 2252 Aesopus
634 2208 685 2249 (S.
723 2209 818 2242 Plin.
847 2209 895 2242 H.
923 2210 968 2242 N.
1006 2209 1069 2248 IX,
1096 2210 1182 2253 35),
1223 2198 1346 2244 einem
1375 2207 1687 2242 Geldverleiher.

225 2254 262 2288 S.
292 2265 349 2297 ep.
375 2256 457 2295 549,
484 2256 518 2289 2.
550 2273 588 2280 -—-
619 2259 656 2290 in
683 2268 854 2301 repraes„
881 2268 945 2289 um
970 2257 1041 2289 mit
1067 2257 1301 2305 klingender
1318 2258 1453 2290 ¹»liinze
1481 2267 1529 2288 zu
1553 2254 1690 2288 bezah-

225 2301 303 2337 len,
328 2321 375 2327 —
402 2306 539 2347 cupiat,
565 2304 637 2336 mit
662 2305 870 2352 Ungeduld
896 2303 1080 2338 wimscht.
1115 2325 1159 2330 —
1196 2308 1362 2351 cupz'dit„
1403 2304 1552 2338 meiner
1576 2303 1690 2336 Kauf-

225 2349 313 2385 lust
341 2367 384 2375 —
411 2352 541 2384 dolori.
570 2352 659 2399 Vgl.
689 2335 746 2397 ep:>
775 2355 869 2388 5¹41:
896 2355 1028 2386 levatio
1055 2354 1229 2399 quaedam
1256 2359 1307 2388 est
1334 2358 1402 2387 cet.

318 2412 351 2444 3.
404 2413 470 2456 agi
506 2410 590 2444 scil.
626 2423 712 2445 cum
755 2413 890 2447 Druso.
930 2411 965 2446 S.
1006 2414 1034 2456 ἓ.
1070 2415 1103 2447 2.
1146 2413 1244 2447 denn
1279 2412 1403 2446 durch
1430 2412 1562 2446 diesen
1588 2411 1685 2445 wird

222 2457 294 2492 mit
334 2458 483 2492 Drusus
515 2470 652 2505 weg-en
691 2461 816 2494 seines
854 2460 1098 2494 Landhauses
1137 2474 1194 2494 am
1232 2462 1369 2495 Besten
1410 2459 1688 2494 unterhandelt

222 2505 383 2538 werden
418 2506 597 2541 kssnnenf
589 2508 613 2526 “
643 2527 690 2533 —-
726 2511 868 2543 scribes
905 2509 997 2544 Ern.
1026 2509 1114 2543 Sch.
1143 2510 1240 2542 Liin.
1267 2512 1381 2543 scrile
1414 2520 1546 2542 emme
1574 2513 1686 2551 typo-

220 2552 357 2599 graph.
389 2555 462 2587 ΟΒ.
490 2573 536 2578 ——-
562 2556 679 2591 Piliae
708 2563 751 2596 et,
790 2558 865 2591 wie
901 2568 958 2601 ep.
994 2560 1064 2594 545
1091 2570 1125 2591 u.
1154 2559 1224 2593 546
1259 2570 1318 2591 am
1356 2557 1476 2592 Ende.
1516 2575 1563 2582 —
1605 2567 1685 2589 mea

219 2613 343 2641 manu,
370 2601 649 2652 eigenh‘zindig3
685 2605 765 2640 scil.
792 2605 940 2650 scripsi.
