1795 3081
202 85 300 131 362
436 83 503 130 Μ.
537 84 591 132 Τ.
628 83 969 134 CICERONIS
1007 84 1388 134 EPISTOLAE.

201 206 375 248 assiduo
406 218 538 245 cursu
568 206 765 245 cubitum
794 208 958 246 nullum
988 209 1267 262 processerit.
1309 208 1399 263 Ego
1429 216 1573 249 autem
1605 224 1674 250 me

202 264 411 318 parabam
434 260 487 300 ad
511 261 569 308 id,
603 261 716 315 quod
740 261 817 301 ille
842 261 951 301 mihi
976 264 1177 312 misisset,
1209 270 1260 303 ut
1291 257 1410 316 αὐτῷ
1437 265 1500 316 τῷ
1528 261 1671 318 μέτρῳ

203 316 276 359 καὶ
309 313 462 367 λώϊον,
494 319 531 356 si
560 315 686 356 modo
717 319 966 370 potuissem.
1027 318 1143 357 Nam
1178 319 1260 357 hoc
1291 320 1423 357 etiam
1453 319 1672 359 Hesiodus
1728 350 1736 354 .

202 374 438 422 adscribit,
471 368 523 412 αἶ’
548 387 595 412 κε
626 367 792 425 δύνηαι.
865 373 995 412 Nunc
1024 374 1145 412 illam
1175 369 1278 426 περὶ
1305 371 1443 413 τελῶν
1472 369 1674 422 σύνταξιν

204 444 308 471 sane
336 429 444 466 mihi
474 429 701 482 probatam
731 427 891 478 Bruto,
920 434 970 466 ut
998 430 1081 468 tibi
1111 428 1303 482 placuit,
1335 428 1669 479 despondimusz

202 486 336 537 idque
384 489 432 522 tu
483 498 581 522 curn
634 496 718 522 non
766 484 883 522 nolle
925 481 1032 523 mihi
1082 485 1311 536 scripsisti.
1396 484 1511 537 Ergo
1555 485 1673 523 illam

197 535 548 593 Ἀκαδημαϊκὴν,
594 540 637 577 in
678 551 761 590 qua
800 538 1021 588 homines,
1059 540 1226 578 nobiles
1257 541 1323 578 illi
1353 538 1554 592 quidem,
1599 539 1675 578 sed

203 596 325 636 nullo
356 594 483 633 inodo
507 594 734 648 philologi,
766 595 896 633 nimis
919 601 1044 634 acute
1064 595 1325 647 loquuntur,
1357 593 1412 633 ad
1426 596 1675 634 Varronem

202 651 534 691 transferamus.
562 670 577 681 ω
608 650 779 687 Etenim
832 655 935 688 sunt
964 643 1230 700 Ἀντιόχεια,
1281 663 1391 704 quae
1429 651 1511 689 iste
1548 647 1674 689 valde

204 707 372 760 probat.
433 705 604 745 Catullo
643 710 686 744 et
714 704 902 744 Lucullo
942 707 1045 745 alibi
1081 718 1367 758 reponemus3
1414 706 1476 743 ita
1513 712 1674 754 tamen,

161 763 241 803 4si
282 768 330 801 tu
369 762 451 800 hoc
488 760 669 814 probas:
721 759 857 812 deque
901 773 950 799 eo
994 761 1103 799 mihi
1143 762 1362 800 rescribas
1402 761 1548 800 velim.
1607 760 1674 799 De

202 817 444 856 Brinniana
485 817 687 855 auctione
725 816 872 867 accepi
912 829 935 854 a
978 816 1186 854 Vestorio
1231 817 1398 855 literas.
1474 816 1550 854 Ait
1579 817 1675 854 sine

200 928 247 933 —
272 911 498 953 processerit,
526 918 615 954 mag
640 905 877 951 vorgeriiokt
903 905 997 938 sein.
1048 905 1243 938 Manutius
1273 906 1408 946 meint,
1437 906 1562 939 dieser
1582 905 1673 938 Kal-

201 956 356 1001 lipides,
385 957 515 989 dessen
530 956 655 988 Name
683 954 768 986 deni
788 953 910 986 Varro
937 953 1028 986 hier
1053 953 1308 987 scherzweise
1334 954 1531 1000 beigelegt
1557 953 1673 993 wird,

200 1005 255 1038 nei
283 1004 352 1038 der
378 1003 581 1037 ber'uhmte
607 1001 997 1048 Tragodienspieler,
1037 1001 1310 1035 anwelchem
1345 1001 1566 1046 lllyniskus‚
1608 1001 1672 1034 ein

200 1053 366 1086 anderer
403 1050 680 1094 Seliauspieler
713 1049 842 1082 seiner
879 1049 986 1089 Zoit,
1043 1049 1106 1082 die
1140 1062 1189 1082 zu
1224 1049 1356 1083 vielen
1394 1051 1674 1097 Bewegungen

200 1101 281 1133 und
308 1099 598 1145 Geberdungen
633 1097 798 1137 tadelte‚
840 1107 878 1129 so
913 1097 994 1130 dass
1021 1108 1063 1130 er
1090 1097 1204 1130 ienen
1232 1097 1344 1130 einen
1372 1098 1483 1131 Affen
1511 1102 1670 1131 nannte.

201 1147 238 1182 S.
272 1148 445 1192 Xenoph.
480 1146 656 1190 Sympos„
695 1144 860 1178 Abschn.
888 1147 921 1180 3.
961 1145 1116 1178 Aristot.
1151 1146 1252 1178 Poet.
1280 1148 1336 1181 27.
1373 1147 1515 1180 Sueten.
1555 1146 1673 1178 Tiber.

200 1199 259 1233 38.
288 1196 507 1229 Athenaeus
533 1196 590 1229 49.
619 1193 762 1227 assiduo
789 1205 906 1233 cursu,
934 1193 1027 1226 weil
1057 1204 1100 1226 er
1125 1193 1270 1227 immer
1296 1196 1368 1227 mit
1396 1195 1465 1227 der
1479 1194 1604 1227 Feder
1629 1194 1671 1226 in

202 1246 272 1278 dcr
291 1244 403 1277 Hand
432 1242 533 1275 nach
559 1242 665 1275 allen
684 1241 866 1275 Buchern
891 1240 1260 1275 seinerBibliothek
1285 1241 1514 1282 herumlief‚
1540 1242 1672 1274 indem

203 1305 246 1327 er
274 1293 379 1326 eines
395 1291 530 1325 Theils
559 1301 595 1323 es
622 1289 707 1322 sich
735 1289 799 1322 nie
827 1288 1041 1336 gr'u'ndlich
1066 1300 1198 1336 genug·
1226 1290 1391 1322 macheu
1417 1289 1576 1330 konnte,
1605 1301 1672 1321 an-

203 1341 322 1375 deren
348 1339 484 1372 Theils
519 1348 594 1371 von
629 1337 756 1371 einen]
786 1336 1054 1384 Gegenstande
1090 1338 1159 1368 auf
1184 1337 1297 1370 einen
1325 1338 1494 1370 anderen
1521 1337 1673 1372 verfiel.

201 1407 248 1415 --
275 1389 325 1421 ad
349 1389 389 1420 id
413 1413 420 1420 .
450 1412 458 1419 .
484 1412 492 1419 .
521 1383 639 1427 λώϊον,
667 1384 750 1418 ihm
778 1385 851 1418 mit
879 1384 1077 1430 gleichem
1090 1383 1208 1418 Maass
1235 1385 1314 1418 und
1341 1384 1444 1418 noch
1471 1385 1599 1419 besser
1624 1398 1673 1418 zu

201 1448 366 1476 messem
392 1448 441 1468 zu
467 1434 696 1481 vergelten,
733 1435 1016 1468 aufzuwarten.
1043 1435 1219 1473 misisset,
1261 1445 1338 1467 was
1365 1445 1407 1467 er
1434 1434 1511 1466 mir
1537 1434 1673 1467 Wiirde

202 1484 407 1534 geschickt
432 1482 571 1515 haben.
602 1502 644 1507 -
684 1481 872 1515 Hesiodus.
899 1481 1039 1513 Versus
1066 1480 1225 1514 Hesiodi
1254 1486 1327 1515 est:
1366 1480 1468 1527 Αὐτῷ
1493 1482 1538 1526 τῷ
1562 1484 1673 1528 μέτρῳ

203 1537 263 1569 καὶ
290 1531 408 1573 λώϊον,
437 1533 478 1565 αἴ
500 1544 536 1564 κε
564 1528 711 1572 domat:
741 1540 815 1573 quo
843 1540 956 1562 versu
978 1528 1109 1562 eadem
1131 1540 1353 1562 mensuram
1368 1529 1476 1563 iubet
1493 1529 1671 1569 reddere,

204 1593 279 1625 qua
306 1579 520 1622 acceperis,
549 1583 587 1611 et
613 1578 892 1617 cumulatiore,
929 1577 959 1609 si
988 1577 1117 1620 possis.
1147 1576 1238 1622 Opp.
1272 1585 1307 1610 et
1334 1578 1424 1611 Dies
1450 1591 1481 1611 v.
1507 1580 1587 1613 350.
1617 1577 1673 1611 Cf.

203 1630 283 1663 Cic.
311 1629 356 1661 de
385 1627 455 1662 Off.
485 1630 518 1667 l,
546 1627 601 1660 15.
630 1627 737 1661 Brut.
767 1636 798 1659 c.
825 1628 859 1659 4.
884 1624 1071 1659 MANUT.
1100 1645 1142 1649 —
1183 1630 1259 1671 περὶ
1286 1626 1391 1659 τελῶν
1417 1624 1525 1665 mira,
1550 1626 1672 1658 libros

204 1677 251 1711 de
278 1675 433 1710 Finibb.
459 1693 507 1699 —
542 1675 814 1718 despondimzcs,
853 1672 917 1706 ich
950 1672 1035 1705 hab'
1071 1684 1106 1706 es
1134 1672 1217 1706 ihm
1245 1674 1482 1717 zugedacht,
1520 1674 1608 1708 will
1636 1684 1673 1706 es

204 1725 290 1759 ihm
319 1723 533 1757 dediciren,
559 1741 606 1746 -·
649 1734 727 1755 cum
753 1735 825 1754 non
852 1723 958 1754 nolle.
1005 1721 1056 1754 Es
1091 1721 1140 1754 ist
1178 1717 1556 1761 henim-'kenswertlh
1596 1722 1673 1755 wie

204 1773 298 1806 sehr
311 1773 450 1805 Brutus
477 1772 548 1804 seit
563 1771 733 1804 Kurzein
756 1770 795 1801 in
813 1769 982 1803 Cicero's
996 1767 1178 1816 Achtung
1197 1770 1324 1816 steigt.
1338 1788 1383 1793 —
1403 1769 1672 1814 ’Anadqluui‘mjm

206 1819 344 1854 Sermo
380 1826 433 1852 est
470 1819 515 1852 de
551 1819 670 1851 altera
706 1817 879 1850 editione
905 1815 1250 1858 Academicorum,
1287 1819 1328 1849 in
1364 1828 1436 1860 qua
1473 1829 1492 1851 e
1527 1817 1673 1850 duobus

204 1867 338 1905 libris,
377 1878 543 1910 quorum
571 1866 672 1899 alter
698 1865 856 1906 Catulo,
883 1865 984 1897 alter
1009 1864 1174 1897 Lucullo
1202 1864 1414 1908 inscriptus
1442 1872 1542 1904 erat,
1580 1865 1675 1899 fecit

206 1917 374 1960 quatuor
402 1925 540 1958 eosque
567 1914 613 1946 ad
640 1914 860 1948 Varronem
888 1912 1055 1956 scripsit.
1091 1912 1145 1945 Cf.
1174 1924 1232 1956 ep.
1259 1915 1342 1947 60'4.
1377 1913 1600 1946 ERNESTI.
1629 1930 1673 1938 --

205 1965 342 1999 nobiles
374 1964 435 2004 (ut
461 1961 670 2002 Lucullus,
699 1961 874 2002 Catulus)
901 1963 959 1994 illi
984 1960 1135 2006 quidem.
1179 1960 1215 1993 S.
1243 1961 1398 1994 Ramsh.
1425 1962 1453 2005 §.
1481 1962 1563 2003 158,
1589 1963 1622 2004 2,
1649 1962 1673 1995 f.

206 2032 255 2038 —
278 2014 389 2045 nimis
415 2016 537 2051 acute,
569 2022 617 2042 zu
643 2009 874 2056 spitzfindig
899 2010 965 2041 fiir
992 2008 1080 2041 ihre
1107 2009 1258 2041 Person.
1310 2009 1345 2043 S.
1375 2020 1432 2054 ep.
1461 2012 1543 2049 605,
1571 2013 1601 2045 1.
1628 2028 1673 2034 —-

206 2060 405 2104 transfer„
431 2058 509 2091 wir
535 2057 681 2091 wollen
709 2057 762 2089 sie
790 2058 857 2088 auf
882 2058 1009 2090 Varro
1037 2056 1270 2103 iibertragen
1298 2057 1333 2091 d.
1362 2057 1386 2089 i.
1421 2058 1473 2091 sie
1500 2057 1581 2090 ihm
1610 2058 1674 2090 de-

209 2109 375 2148 dicii-en,
405 2106 473 2139 ihn
501 2106 613 2139 darin
641 2107 837 2137 auftreten
866 2105 1001 2138 lassen.
1031 2122 1077 2128 --
1107 2103 1310 2146 Ἆιτιόχεια,
1339 2105 1441 2138 denn
1469 2118 1506 2140 es
1533 2107 1580 2139 ist
1606 2106 1675 2138 der

207 2154 460 2201 Lehrbegriff
484 2154 545 2186 des
576 2153 857 2186 Akadeniikers
884 2152 1096 2186 Antiochus
1131 2165 1255 2198 gagen
1292 2154 1365 2186 den
1394 2152 1674 2198 Skepticismus

209 2204 439 2237 derneuern
455 2201 668 2233 Akademie
695 2207 807 2233 unter
819 2201 1064 2234 Archesilaus
1086 2213 1121 2233 u.
1136 2201 1248 2233 Philo
1272 2201 1382 2233 darin
1402 2209 1673 2249 voi-getragen.

207 2253 295 2299 Vgl.
325 2262 382 2295 ep.
411 2251 492 2284 (305.
519 2252 599 2284 610.
619 2267 664 2272 —
681 2250 810 2282 Catulo
836 2254 870 2283 et
895 2248 1047 2282 Lucullo
1074 2249 1164 2282 amvi
1190 2262 1412 2294 rep-onerans,
1443 2249 1543 2292 quod
1572 2260 1676 2281 nunc

210 2300 259 2333 iis
278 2298 502 2332 abstulimus
522 2297 870 2341 transtulimusque
891 2297 937 2332 ad
951 2298 1181 2334 Varronem.
1202 2297 1372 2332 Gronov.
1389 2299 1486 2332 coni.
1506 2299 1676 2331 Catulum

210 2353 245 2382 ct
257 2347 460 2381 Lucullum.
487 2345 710 2377 ERNESTI.

306 2410 342 2442 4.
392 2407 446 2440 De
463 2407 673 2439 Brinniana
693 2408 872 2439 auctione.
899 2403 933 2438 S.
954 2416 1000 2438 zu
1016 2416 1075 2449 ep.
1089 2406 1170 2446 59⁷4,
1183 2407 1207 2439 2
1224 2406 1479 2440 Hermnicmis.
1507 2407 1599 2454 Vgl.
1616 2418 1674 2451 ep.

211 2458 281 2492 607
302 2469 337 2490 u.
358 2457 440 2490 637.
459 2474 499 2480 -—
522 2453 715 2487 Vestorius.
744 2453 778 2485 S.
800 2464 858 2497 ep.
879 2455 959 2488 600.
975 2473 1021 2478 —
1040 2455 1223 2487 collatam.
1253 2454 1315 2485 Ait
1336 2455 1569 2488 coheredum
1594 2467 1676 2488 oni-

213 2504 325 2537 nium
341 2501 531 2536 sententia
556 2502 783 2547 magistrum
810 2501 1000 2535 auctionis
1023 2513 1083 2534 me
1108 2513 1184 2534 esse
1200 2502 1462 2536 constitutum.
1490 2504 1535 2535 In
1553 2503 1674 2536 aucti-

213 2551 349 2586 onibus
362 2549 552 2584 eninihoc
567 2550 801 2589 servabatur,
818 2556 859 2582 ut
878 2562 924 2582 ex
945 2550 1006 2590 iis,
1023 2560 1188 2592 quorum
1202 2561 1260 2582 res
1282 2550 1321 2582 in
1345 2550 1523 2584 auctione
1539 2562 1674 2597 agere-

213 2606 291 2640 tur,
306 2611 404 2631 unus
423 2598 641 2631 auctionem
657 2598 893 2643 gubernaret
908 2609 950 2630 ac
970 2598 1248 2637 moderaretur3
1267 2599 1331 2640 qui
1350 2598 1515 2640 scilicet,
1540 2599 1673 2642 quanti

215 2658 390 2691 quaeque
410 2658 471 2679 res
491 2646 628 2679 venire
653 2645 820 2686 deberet,
849 2644 930 2688 ipse
948 2651 1131 2678 statueret
1151 2646 1340 2679 arbitratu
1361 2657 1440 2683 suo,
1467 2647 1580 2679 sociis
1600 2656 1677 2678 non

213 2694 535 2741 repugnantibus,
578 2693 764 2728 MANUT.
791 2704 872 2727 νηὶ.
900 2693 985 2728 Kal.
1015 2695 1160 2737 Quinti,
1208 2705 1266 2726 am
1295 2696 1349 2729 24,
1379 2694 1526 2727 lunius.
1577 2693 1679 2735 „Das

216 2743 264 2776 ist
291 2741 516 2790 unriclntig,
558 2747 640 2789 sagt
666 2741 823 2777 Schutz.
860 2742 984 2776 sextil.
1014 2743 1155 2776 iniisste
1183 2741 1230 2775 da
1255 2741 1403 2776 stehen.
1454 2742 1682 2777 Ueberdiess
1732 2775 1735 2778 ,
