1795 3081
597 38 923 90 EPISTOLA
957 40 1165 92 DLV11.
1470 47 1566 95 237

99 164 203 220 gina
232 162 464 219 Megaram
496 175 646 201 versus
677 162 950 217 navigarem,
981 164 1107 216 coepi
1137 164 1340 221 regiones
1379 166 1565 206 circum-

100 220 222 258 circa
261 220 530 272 prospicere.
590 218 694 256 Post
733 230 802 255 me
843 224 940 256 erat
975 217 1170 274 Aegina:
1215 220 1564 276 ante'Megara:

99 273 255 313 dextra
285 275 510 312 Piraeeus:
555 270 737 311 sinistra
767 271 1031 312 Corinthus:
1064 288 1173 326 quae
1194 275 1354 329 oppida
1374 276 1565 329 quodam

99 336 298 381 tempore
338 329 646 368 florentissima
681 329 874 374 fuerunt,
917 341 1032 368 nunc
1069 336 1292 382 prostrata
1331 337 1375 370 et
1413 331 1566 371 diruta

100 391 200 423 ante
239 385 390 423 oculos
431 385 586 423 iacent.
648 382 784 435 Coepi
820 389 993 437 egomet
1030 397 1200 423 mecum
1240 387 1304 426 sic
1343 389 1562 442 cogitare:

99 439 236 479 Hem!
270 452 348 478 nos
379 438 637 477 homunculi
667 438 964 493 indignamur,
995 440 1031 478 si
1068 441 1163 491 quis
1193 442 1394 480 nostrum
1424 444 1564 481 inter-

99 496 154 534 iit
195 501 271 534 aut
314 495 484 533 occisus
528 499 607 542 est,
652 506 842 545 quorum
882 495 978 532 vita
1031 494 1215 534 brevior
1264 509 1356 536 esse
1408 497 1563 545 debet3

100 563 235 602 quum
270 562 358 588 uno
399 550 497 588 1000
540 554 608 587 tot
644 547 855 601 oppidum
897 547 1113 589 cadavera
1149 552 1348 603 proiecta
1385 553 1563 592 iacent?

97 604 237 644 Visne
266 611 314 644 tu
343 610 401 654 te,
444 603 592 654 Servi,
636 604 844 643 cohibere
889 610 931 643 et
969 606 1217 645 meminisse
1257 605 1478 647 hominem
1518 614 1563 647 te

99 673 190 700 esse
220 662 399 698 natum?
445 658 586 698 Crede
617 658 742 708 mihi,
774 659 1044 713 cogitatione
1075 674 1126 699 ea
1154 673 1242 699 non
1272 661 1564 702 mediocriter

97 729 192 754 sum
230 715 525 753 confirmatus.
586 713 686 752 Hoc
727 713 858 765 idem,
904 715 941 752 si
987 716 1071 754 tibi
1116 715 1308 767 videtur,
1351 719 1420 756 fae
1460 725 1562 757 ante

99 771 249 810 oculos
283 770 363 808 tibi
392 782 627 822 proponas,
686 768 822 808 Modo
852 783 940 808 uno
970 776 1170 823 tempore
1199 777 1267 810 tot
1296 773 1384 811 viri
1407 774 1562 812 claris-

97 826 197 864 simi
228 826 516 864 interierunt:
562 823 614 863 de
651 826 838 876 imperio
869 826 1022 877 populi
1052 825 1241 864 Romani
1271 832 1393 866 tanta
1423 827 1560 867 demi-

94 882 220 919 nutio
252 882 367 920 facta
399 886 489 919 est:
524 893 671 919 omnes
702 881 959 932 provinciae
1001 887 1313 934 conquassatae
1349 889 1468 922 sunt:
1514 885 1560 922 in

95 937 226 974 unius
272 936 562 974 mulierculae
610 936 805 973 animula
853 937 889 973 si
935 937 1107 975 iactura
1151 938 1267 975 facta
1307 944 1386 987 est,
1436 945 1559 978 tanto

97 1004 231 1043 opere
263 992 579 1029 commoveris?
622 1003 732 1042 quae
760 992 797 1028 si
827 990 910 1029 1100
940 997 1138 1043 tempore
1168 1005 1256 1030 non
1287 992 1402 1032 diem
1432 1007 1561 1034 suum

96 1046 274 1095 obisset,
305 1047 452 1098 paucis
483 1051 581 1098 post
611 1046 736 1083 annis
768 1051 911 1084 tamen
943 1047 982 1085 ei
1001 1046 1278 1086 moriendum
1298 1049 1395 1098 fuit,
1417 1063 1556 1101 quon-

92 1102 181 1139 iam
221 1101 351 1139 homo
391 1107 491 1139 nata
531 1103 688 1139 fuerat.
755 1101 898 1138 Etiam
936 1107 986 1139 tu
1025 1102 1077 1140 ab
1116 1102 1236 1141 hisce
1275 1104 1406 1142 rebus
1462 1106 1597 1147 ani-5

92 1169 213 1193 mum
243 1169 293 1194 ac
325 1157 639 1210 cogitationem
677 1162 796 1194 tuam
826 1169 963 1194 avoca
993 1163 1122 1209 atque
1160 1170 1210 1196 ea
1247 1160 1394 1211 potius
1425 1162 1557 1199 remi-

93 1212 281 1261 niscere,
313 1224 422 1263 quae
453 1210 585 1265 digna
615 1217 690 1249 tua
720 1224 908 1264 persona
937 1218 1063 1250 sunt:
1108 1212 1244 1259 illam,
1278 1213 1486 1266 quamdiu
1516 1217 1558 1255 ei

95 1278 204 1318 opus
226 1268 378 1316 fuerit,
397 1267 581 1305 vixisse:
613 1279 699 1304 una
726 1279 824 1305 cum
846 1280 894 1305 re
916 1267 1093 1319 publica
1116 1269 1274 1307 fuisse:
1309 1275 1365 1319 te,
1384 1277 1556 1322 patrem

94 1335 234 1371 suum,
265 1327 532 1373 praetorem,
564 1322 801 1371 consulem,
832 1335 1045 1377 augurem
1074 1322 1261 1362 vidisse:
1302 1323 1556 1366 adolescen-

92 1376 211 1415 tibus
241 1377 467 1428 primariis
497 1382 676 1428 nuptam
705 1378 859 1415 fuisse:
897 1378 1098 1416 omnibus
1130 1379 1255 1417 bonis
1284 1392 1424 1432 prope
1454 1395 1556 1434 per-

94 1433 290 1470 functam
333 1444 443 1480 esse:
493 1445 626 1483 quum
663 1444 732 1470 res
772 1432 950 1484 publica
988 1431 1226 1480 occideret,
1271 1435 1364 1473 vita
1408 1449 1555 1477 exces-

93 1488 213 1526 sisse,
273 1485 388 1537 Quid
417 1492 493 1532 est,
534 1485 651 1538 quod
684 1492 733 1525 tu
771 1493 846 1526 aut
884 1488 963 1525 illa
1002 1500 1100 1526 cum
1139 1490 1319 1528 fortuna
1356 1489 1440 1529 hoc
1475 1505 1555 1531 no-

92 1543 208 1580 mine
239 1542 364 1593 queri
394 1542 599 1593 possitis?
630 1541 829 1593 Denique
860 1543 952 1580 noli
983 1549 1025 1581 te
1055 1544 1262 1582 oblivisci
1293 1544 1554 1586 Ciceronem

91 1635 124 1666 εἰ
150 1643 195 1662 =
224 1635 264 1673 εἰ,
293 1632 348 1666 ob.
375 1650 421 1655 —
448 1633 648 1676 Megaram.
675 1632 891 1673 „Graevius
918 1633 956 1669 h.
985 1634 1011 1667 l.
1041 1635 1124 1666 vult
1152 1635 1230 1681 legi
1257 1635 1438 1680 Megaren.
1478 1638 1554 1673 Sed

93 1679 233 1713 Graeci
260 1690 456 1723 nunquam
483 1680 662 1713 dixerunt
687 1680 748 1723 τήν
774 1679 987 1727 ΗΙεγάρηιν.“
1020 1682 1185 1715 Oudend.
1213 1683 1259 1715 ad
1284 1683 1384 1718 Suet.
1411 1688 1488 1722 Tib.
1516 1691 1552 1721 [1.

94 1730 168 1761 ΘΗ.
196 1746 240 1751 -
268 1732 303 1761 et
329 1729 465 1760 diruta.
497 1728 713 1776 Mart-Lag.
741 1728 826 1763 Sch.
851 1730 948 1762 Liin.
972 1742 1015 1762 ac
1040 1734 1173 1763 contra
1200 1731 1271 1764 Md.
1298 1733 1373 1774 „ln
1392 1734 1551 1778 antiquo

91 1780 241 1808 tantum
271 1780 368 1808 erat:
395 1776 520 1808 diruta
547 1778 707 1809 iacent.⁴‘
744 1777 817 1810 OR.
860 1777 931 1810 Die
965 1777 1047 1811 drei
1074 1783 1201 1811 ersten
1228 1779 1374 1827 gingen
1401 1782 1454 1814 im
1481 1783 1552 1816 Mi-

92 1822 374 1856 thridatischen
402 1823 542 1871 Kriege
577 1835 625 1856 zu
652 1823 809 1857 Grunde
845 1825 925 1857 und
957 1825 1095 1858 kamen
1129 1826 1194 1859 nie
1219 1827 1366 1861 wieder
1392 1840 1551 1875 empor5

93 1871 156 1904 das
183 1870 301 1903 durch
330 1872 527 1904 Memmius
554 1872 738 1906 zerst'drte
765 1872 930 1905 Korinth
956 1873 1045 1907 aber
1069 1873 1175 1906 ward
1200 1880 1317 1909 unter
1330 1876 1442 1910 Casar
1468 1879 1549 1912 und

92 1919 224 1952 dessen
251 1916 485 1966 Nachfolger
517 1918 741 1967 pr'a'chtiger
772 1920 921 1953 wieder
955 1920 1197 1967 hergestellt.
1232 1941 1278 1946 —
1315 1927 1448 1959 iacent,
1485 1925 1550 1960 Sic

93 1967 165 2000 Md.
194 1967 277 1999 Asc.
306 1969 337 2000 1.
376 1966 513 2000 Bened.
548 1971 693 2001 iaceant
731 1967 827 2001 Cett.
856 1973 1008 2011 praeter
1033 1968 1183 2009 Graev.,
1215 1971 1282 2014 qui
1307 1974 1476 2007 iacerent.
1505 1994 1550 2001 —-

92 2015 264 2056 cohibere,
291 2026 505 2048 zusammen
533 2015 716 2055 nehmen,
744 2016 942 2063 m‘a'ssigen.
982 2035 1030 2041 —-
1070 2017 1187 2059 Modo,
1226 2019 1327 2052 noch
1353 2031 1423 2054 vor
1448 2022 1550 2054 Kur-

92 2074 189 2096 zem.
217 2081 262 2086 —
294 2064 428 2106 popula·
451 2065 616 2096 Romani.
654 2062 718 2096 Sic
743 2063 877 2108 scripsi
904 2064 1003 2097 coni.
1040 2065 1080 2098 de
1107 2067 1260 2110 imperio
1280 2073 1436 2112 propter
1473 2069 1547 2104 Md.

92 2122 110 2144 e
137 2110 253 2144 stulta
278 2122 343 2143 sua
370 2111 645 2145 consuetudine
673 2111 811 2155 ubique
838 2118 940 2145 notas
966 2111 1020 2151 (h.
1040 2112 1065 2145 l.
1087 2114 1123 2148 P.
1139 2116 1221 2156 Ro.)
1248 2118 1468 2160 explicandi.
1500 2136 1548 2143 -—

91 2160 131 2191 de
161 2161 315 2203 imperio
339 2163 529 2202 praeterea
557 2170 574 2192 e
603 2159 700 2192 mala
728 2160 826 2192 coni.
856 2159 997 2193 Ceteri.
1028 2162 1100 2195 ΟΒ.

186 2208 218 2240 5.
271 2207 409 2240 Etiam.
455 2207 671 2254 Mart.-Lag.
712 2208 762 2239 Et
787 2211 861 2241 iam
889 2213 938 2241 tu.
977 2209 1048 2242 OF.
1091 2229 1138 2235 —
1178 2222 1302 2252 avoca,
1347 2213 1414 2245 ruf
1448 2212 1547 2249 Dein

93 2252 258 2287 Gemiith
285 2264 359 2287 von
387 2254 514 2287 diesen
551 2255 750 2302 traurigen
778 2255 1071 2303 Gegenst'a'nden
1105 2259 1171 2292 auf
1198 2259 1339 2292 andere
1365 2260 1546 2293 Betrach-

91 2305 247 2348 tungen.
276 2320 322 2326 —
348 2307 413 2335 tua
437 2315 603 2346 perso-na,
631 2303 698 2336 der
723 2314 880 2350 grossen
907 2304 1029 2342 Rome,
1057 2305 1118 2340 die
1139 2307 1199 2339 Du
1225 2308 1292 2339 auf
1313 2307 1397 2341 dem
1418 2308 1546 2342 Welt-

91 2348 334 2393 schauplatze
360 2350 523 2397 gespielt
546 2350 642 2383 hast.
669 2370 714 2375 —
752 2354 855 2384 illam
882 2363 911 2384 0.
940 2352 1081 2387 infinit.
1118 2354 1193 2387 h'ain
1224 2359 1239 2386 t
1264 2354 1308 2387 ab
1334 2366 1409 2388 von
1434 2358 1545 2390 remi·-

87 2399 234 2431 m'scere.
271 2416 318 2422 —
357 2400 528 2443 quamdiu
563 2401 597 2431 ez·
627 2411 681 2441 op.
705 2397 840 2441 fuerit,
872 2411 911 2433 5ο
945 2400 1070 2448 lange,
1107 2403 1160 2435 als
1193 2366 1256 2434 {u-
1281 2407 1350 2449 gut
1375 2415 1468 2437 war.
1496 2423 1544 2430 —

87 2458 159 2477 una
186 2457 264 2478 cum
290 2459 318 2479 r.
345 2459 381 2489 p.
401 2446 532 2490 fuisse,
559 2446 611 2480 sie
638 2446 732 2480 habe
761 2447 832 2479 mit
859 2448 927 2481 der
951 2447 1141 2493 Republik
1174 2450 1380 2497 ausgelebt.
1420 2452 1542 2486 Notae

88 2499 174 2526 sunt
208 2494 420 2527 formulae:
452 2494 548 2538 fuit,
577 2497 676 2527 vixit.
712 2513 757 2518 ——
784 2497 885 2529 bonis
919 2496 1000 2530 scil.
1038 2497 1431 2542 vitae..pe7fzmctum
1457 2512 1540 2538 esse,

85 2541 139 2573 sie
165 2541 261 2574 habe
286 2542 357 2574 fast
383 2542 475 2575 alles
502 2543 601 2575 Gute
629 2543 691 2575 des
721 2542 864 2576 Lebens
903 2543 1226 2592 durchgenossen.
1267 2565 1308 2570 —
1349 2559 1428 2580 cum
1450 2546 1538 2590 sor-

83 2593 373 2634 tmm...queri,
413 2591 481 2622 mit
507 2591 591 2623 (10111
620 2590 839 2624 Schicksale
874 2591 1043 2629 rechten,
1079 2593 1246 2633 hadern3
1287 2594 1351 2626 hoc
1381 2598 1554 2640 nomine„

84 2637 122 2668 in
150 2637 274 2670 dieser
300 2637 520 2677 Iliicksicht,
549 2644 660 2672 unter
686 2638 823 2671 diesem
851 2639 966 2672 Titel.
1005 2640 1131 2674 Uebcr
1153 2644 1300 2684 possitis
1326 2654 1354 2677 s,
1382 2642 1532 2678 Ramsh.

81 2686 105 2726 ᾗ.
135 2688 192 2726 96,
220 2689 253 2723 3,
291 2684 436 2719 Grotef.
465 2687 491 2729 ξ.
524 2689 599 2722 191.
631 2703 670 2712 -·-
700 2691 732 2718 ta
759 2688 863 2720 obliv.
891 2687 1127 2736 Max·t.-Lng.
1158 2689 1250 2722 Liin.
1284 2690 1387 2724 ohliv.
1416 2694 1460 2725 te.
1487 2709 1534 2717 —
