1795 3081
487 80 800 129 EPISTOLA
845 80 1108 130 DCXXIX.
1420 82 1514 128 401

67 212 265 258 tempore
294 203 392 242 fieri
421 208 640 255 oportere.
702 200 880 241 Scribas
910 200 964 240 ad
1001 214 1070 241 me
1107 202 1256 252 velim,
1300 199 1405 252 quid
1435 200 1517 238 tibi

67 262 251 314 placeat.
318 257 543 310 Equidem,
588 258 624 295 si
661 269 713 296 ex
753 257 954 295 omnibus
991 263 1102 296 esset
1140 255 1402 312 eligendum,
1439 267 1518 293 nec

69 315 398 370 diligentiorem
439 325 518 351 nec
557 312 869 350 officiosiorem
907 325 985 350 nec
1027 313 1168 350 nostri
1206 310 1517 351 studiosiorem

68 372 199 410 facile
229 368 485 423 delegissem
514 366 749 405 Vestorio:
791 366 847 405 ad
876 380 1002 419 quem
1031 368 1380 406 accuratissimas
1419 365 1518 403 lite-

71 439 142 464 ras
173 423 289 473 (ledi,
323 422 440 475 quod
480 421 594 460 idem
633 427 676 467 te
720 423 872 460 fecisse
907 422 1117 460 arbitror.
1187 422 1302 460 Mihi
1344 418 1519 473 quidem

75 481 158 519 hoc
188 481 292 517 satis
321 476 513 517 videtur.
571 475 642 515 Tu
677 475 783 528 quid
821 476 961 515 dicis?
1010 476 1154 515 Unum
1196 478 1312 516 enim
1350 476 1522 530 pungit,

77 548 129 574 ne
146 534 490 590 negligentiores
512 545 603 571 esse
618 530 863 571 videamur.
906 532 1175 585 Exspectabo
1195 533 1335 587 igitur
1356 531 1522 568 literas.

221 716 538 767 EPISTOLA
574 715 843 764 DCXXIX.
886 715 966 775 (ad
1001 717 1105 765 Att.
1141 717 1267 766 XIII.
1303 717 1400 774 46.)

212 809 292 843 Ser.
319 807 361 840 in
389 806 585 839 Lanuvino
611 805 663 841 m.
691 806 826 840 sextu.
854 805 895 838 A.
924 806 967 841 U.
995 805 1035 840 e.
1061 808 1142 841 709.
1189 809 1236 848 (a.
1265 806 1304 839 c.
1331 807 1406 846 45.)

85 880 225 916 Scribit
246 879 429 913 Pollicem
457 877 527 910 sibi
552 882 701 922 praesto
727 877 853 911 fuisse.
883 880 912 910 1.
940 877 1098 910 Balbum
1126 889 1144 909 a
1173 889 1210 910 se
1237 881 1476 910 conventum.
1505 876 1537 909 2.

86 930 193 975 petil,
238 933 279 960 ut
311 925 528 960 Vestorium
568 926 827 972 negligentiae
866 931 1026 958 accuset.
1063 927 1096 959 3.
1139 924 1184 958 de
1219 925 1382 958 Cossinii
1418 927 1539 956 morte

88 977 215 1017 dolet3
248 975 385 1018 Quinto
411 973 535 1013 fratri,
573 974 605 1007 si
632 973 719 1006 fieri
744 973 872 1017 possit,
900 973 1100 1016 pecuniam
1127 972 1390 1020 delegaturum
1417 976 1542 1004 osten-

487 1020 552 1053 dit.
589 1023 623 1054 4.
665 1021 884 1055 Vestorium
913 1026 1076 1056 excusat.
1109 1022 1143 1054 5.

583 1091 760 1126 CICERO
799 1092 978 1139 AU‘ICO
1020 1091 1055 1125 S.

205 1166 356 1205 Pollex
387 1165 577 1218 quidem,
616 1170 667 1203 ut
696 1163 881 1213 dixerat,
922 1163 977 1202 ad
1016 1162 1116 1201 Idus
1157 1162 1276 1202 Sext.
1340 1162 1405 1201 Ita
1439 1159 1550 1200 mihi

93 1223 284 1262 Lanuvii
314 1220 457 1273 pridie
488 1220 587 1259 Idus
619 1225 792 1272 praesto
824 1220 934 1266 fuit3
981 1218 1055 1258 sed
1091 1218 1220 1270 plane
1258 1218 1420 1271 pollex,
1460 1229 1547 1253 non

95 1277 239 1317 index.
283 1275 527 1330 Cognosces
557 1276 697 1330 igitur
726 1288 775 1312 ex
808 1275 916 1326 ipso,
958 1274 1142 1313 Balbum
1173 1273 1378 1312 conveni:
1410 1264 1590 1323 Leptaz

97 1334 212 1372 enim
243 1330 295 1370 (le
325 1344 402 1369 sua
430 1330 784 1369 vinicurationc
813 1329 1015 1368 laborans
1044 1342 1112 1367 me
1144 1327 1199 1367 ad
1221 1341 1319 1366 eum
1339 1325 1554 1379 perduxe-

99 1394 192 1427 rat:
223 1387 271 1425 in
309 1399 360 1425 eo
391 1392 537 1424 autem
573 1385 822 1434 Lanuvino,
865 1383 981 1436 quod
1011 1382 1181 1436 Lepido
1220 1381 1422 1421 tradidit.
1492 1381 1554 1419 Ex

99 1503 247 1537 Pr'afect
273 1500 336 1534 des
364 1499 493 1533 C'aisars
520 1499 559 1532 in
586 1499 741 1533 Gallien
769 1511 957 1547 gewesen.
993 1519 1039 1525 —
1076 1512 1117 1534 etc
1142 1500 1302 1533 omnibus
1327 1495 1556 1532 Puteolanis.

101 1570 147 1576 —
173 1553 301 1584 literas
326 1548 407 1580 dedi
431 1548 475 1580 de
502 1547 686 1580 auctionis
714 1548 923 1583 curatione.
974 1548 1069 1581 Erat
1101 1553 1228 1581 autem
1255 1546 1453 1582 Vestorius
1485 1543 1560 1578 hoc

101 1604 274 1643 tempore
311 1595 477 1629 Puteolis
514 1595 552 1628 h.
581 1606 612 1628 e.
647 1595 687 1627 in
720 1596 855 1639 patria.
894 1595 1074 1630 MANUT.
1112 1595 1197 1630 Vid.
1226 1606 1282 1640 ep.
1310 1595 1389 1629 156.
1415 1595 1497 1632 604,
1524 1595 1557 1626 4.

101 1649 184 1687 621,
209 1648 243 1679 4.
270 1663 316 1668 -
338 1646 484 1688 pungit,
510 1641 604 1675 fieht
632 1642 737 1675 mich
763 1655 823 1676 an.
861 1662 908 1668 —
938 1645 1232 1689 negligentiores,
1269 1654 1317 1675 zu
1348 1639 1562 1687 nachl'aeissig

104 1696 146 1729 in
173 1693 328 1727 meinen
354 1689 583 1724 h'auslichen
608 1689 981 1738 Angelegenheiten.

201 1768 234 1799 1.
284 1764 334 1797 ad
356 1763 441 1797 Idus
468 1762 562 1795 Sext.
591 1761 664 1795 del.
692 1761 778 1796 Sch.
806 1762 902 1796 coni.
930 1764 1022 1797 Liin.
1051 1775 1085 1796 α.
1113 1762 1146 1795 d.
1172 1773 1207 1796 v.
1233 1761 1318 1795 Idus
1345 1760 1436 1795 Sext.
1464 1757 1562 1792 coni.

108 1814 150 1845 in
186 1824 236 1845 m.
275 1813 378 1846 1584.
417 1811 491 1845 OR.
540 1809 670 1856 Vulgo
705 1810 857 1843 additur
893 1812 943 1844 ad
964 1812 1016 1844 Id.
1044 1811 1152 1851 Sext,
1192 1821 1211 1843 e
1247 1809 1370 1856 glossa
1403 1806 1564 1842 scilicet.

108 1859 262 1894 Etenim
296 1862 486 1905 repugnat
519 1855 592 1889 hoc
628 1857 674 1896 ei,
719 1857 822 1901 quod
855 1858 990 1892 Pollex
1024 1858 1198 1898 dixerat3
1236 1856 1304 1900 qui
1343 1855 1489 1889 dixerat
1526 1864 1565 1887 se

108 1912 259 1953 praesto
285 1905 411 1951 pridie
437 1905 523 1938 Idus
549 1906 626 1945 (am
655 1906 712 1938 12.
741 1905 903 1953 August)
928 1907 1111 1945 futurum,
1149 1908 1185 1937 et
1211 1903 1389 1948 apparuit
1415 1912 1565 1946 quoque

109 1955 289 1989 Ciceroni
315 1952 441 1998 pridie
467 1952 554 1985 Idus
581 1951 752 1995 Sextilis,
786 1963 864 1986 non
890 1953 981 1998 ipsis
1008 1953 1149 1986 Idibus.
1189 1953 1291 1985 SCH.
1329 1950 1474 1990 Pollex,
1504 1949 1566 1982 ein

111 2003 229 2037 Sklav
256 2002 319 2035 des
348 2001 493 2034 Cicero.
520 1998 555 2033 S.
583 1999 629 2032 ad
655 2000 793 2033 Famil.
820 2001 897 2042 XV,
917 2004 952 2036 6.
980 2001 1026 2034 ad
1052 2001 1166 2035 Attio,
1193 2000 1300 2041 VIII,
1320 2000 1351 2032 5.
1378 1997 1443 2039 XI,
1469 2000 1503 2031 4.
1523 2014 1566 2021 -

110 2064 180 2085 non
208 2052 324 2084 index.
359 2048 492 2082 Nullas
518 2058 537 2079 a
564 2047 742 2081 Vestorio
775 2048 907 2081 literas
934 2049 1073 2089 attulit,
1112 2052 1154 2080 ut
1189 2056 1420 2095 cognoscere
1455 2043 1567 2087 quid-

113 2110 226 2143 quam
252 2108 397 2142 possem
425 2095 470 2128 de
497 2094 667 2128 cretione
695 2095 833 2129 Cluvii.
885 2096 1018 2140 Itaque
1050 2096 1123 2128 fuit
1148 2095 1260 2140 plane
1293 2093 1425 2138 pollex
1452 2092 1569 2132 (Dau-

114 2149 233 2186 men),
278 2154 354 2177 non
388 2143 501 2175 index
539 2143 829 2192 (Zeigefinger).
880 2144 1011 2177 Pollex
1053 2143 1151 2177 enim
1191 2143 1304 2176 etiam
1343 2140 1487 2187 digitus
1526 2139 1569 2170 in

114 2206 242 2233 manu,
270 2203 382 2236 quem
410 2190 522 2223 index
547 2201 646 2234 pone
671 2191 855 2234 sequitur.
882 2191 1058 2225 MANUT.
1077 2210 1123 2215 ——
1146 2202 1359 2236 cogn....e.r
1385 2191 1465 2230 ipso
1491 2186 1513 2220 i.
1538 2197 1569 2221 e.

117 2254 161 2276 ex
188 2240 268 2284 ipso
295 2239 453 2277 Pollice,
491 2249 604 2281 quem
639 2238 684 2271 ad
718 2243 755 2271 te
788 2239 912 2279 mitto,
952 2250 1170 2287 cognosceS,
1206 2249 1276 2271 cur
1311 2237 1345 2270 ei
1377 2233 1569 2269 Vestorius

117 2288 218 2322 nihil
246 2287 395 2321 dederit
424 2286 635 2318 literarum.
662 2286 840 2320 MANUT.

214 2337 247 2369 2.
301 2337 341 2368 de
367 2347 433 2368 succ
459 2336 532 2367 cini
558 2339 672 2367 cur-nt.
699 2336 881 2373 laborans,
920 2334 1033 2375 „weil
1069 2333 1148 2366 ihm
1178 2333 1239 2365 das
1265 2328 1570 2377 Weingesch'aft,

121 2385 184 2417 das
212 2396 254 2417 er
279 2394 364 2416 vom
386 2382 498 2415 C'zisar
524 2393 570 2413 zu
590 2381 763 2414 erhalten
779 2382 887 2419 hoffl.
914 2394 960 2414 zu
980 2380 1068 2415 sehr
1088 2380 1209 2413 durch
1228 2379 1301 2413 den
1320 2378 1422 2421 Kopf
1436 2376 1572 2409 liiuftf‘

122 2434 233 2465 Ciisar
257 2442 338 2464 war
364 2440 569 2477 gesonneu,
596 2429 655 2462 bei
682 2430 808 2462 seiner
834 2430 1042 2463 Rfickkehr
1066 2440 1129 2461 aus
1149 2428 1313 2472 Spanien
1342 2426 1425 2458 dem
1451 2423 1572 2456 Volke

122 2479 218 2512 zwei
245 2489 371 2525 grosse
398 2477 581 2509 De'ieunes
608 2488 655 2508 zu
682 2476 816 2523 geben,
856 2488 966 2510 wozu
993 2478 1111 2520 Lepta
1138 2487 1233 2522 gern
1260 2474 1318 2506 die
1344 2471 1575 2506 VVeinliefe-

124 2537 225 2572 rung
251 2525 389 2572 gehabt
415 2523 530 2565 h'zitte,
557 2524 634 2556 und
660 2525 726 2556 auf
749 2524 821 2557 den
849 2525 946 2566 Fau,
989 2524 1069 2557 dass
1109 2535 1152 2557 er
1183 2523 1235 2555 sie
1272 2520 1450 2560 erliielte,
1488 2527 1576 2550 vor-

125 2574 244 2620 l'aeiufig
270 2571 467 2606 Anstalten
493 2572 630 2604 treffen
660 2572 803 2605 wollte.
832 2573 916 2618 Vgl.
944 2583 1000 2615 ep.
1028 2574 1107 2606 (331.
1132 2589 1178 2594 —
1204 2570 1407 2603 Lanuvino.
1442 2565 1577 2598 Balbus

127 2623 365 2654 Lanuvinnm
399 2619 596 2662 praedium
633 2618 776 2660 habuit,
813 2620 914 2663 quod
946 2624 1075 2663 postea
1113 2616 1288 2651 vendidit
1325 2613 1481 2658 LepidO.
1531 2613 1576 2645 In

127 2680 170 2701 eo
196 2668 350 2712 praedio
379 2667 513 2699 Cicero
542 2673 776 2712 cognoverat
812 2667 886 2699 hoc
921 2667 1104 2711 primum,
1141 2665 1334 2697 Caesarem
1372 2661 1496 2694 literis
1533 2659 1578 2692 ad

127 2717 283 2749 Balbum
312 2714 434 2747 missis
462 2714 717 2751 confirmasse,
753 2726 790 2748 se
827 2720 913 2747 ante
949 2713 1056 2747 ludos
1084 2713 1269 2746 Romanos
1304 2710 1447 2743 Romae
1482 2710 1581 2740 futu-

176 2788 252 2822 Cic.
271 2786 400 2820 Briel'e
418 2798 447 2818 v.
465 2785 624 2819 Billerb.
654 2787 724 2822 111,
1254 2775 1309 2814 26
