1795 3081
521 23 846 74 EPISTOLA
880 22 1135 74 DXXVH.
1469 24 1567 74 235

105 151 304 200 timetur,
341 148 514 189 desino:
564 146 828 199 praesertim
857 157 991 197 quum
1020 143 1067 183 id
1095 143 1361 198 impendeat,
1403 145 1451 184 in
1480 157 1568 198 quo

104 219 193 245 non
222 204 352 245 modo
384 203 513 243 dolor
534 202 697 251 nullus,
726 213 882 240 verum
912 200 1010 238 finis
1041 201 1174 239 etiam
1196 200 1364 241 doloris
1390 202 1570 240 futurus

105 263 176 300 sit.
236 259 323 300 Sed
359 260 466 298 haec
503 259 607 296 satis
645 257 800 306 multa,
838 255 911 295 vel
946 255 1077 307 plura
1116 258 1277 308 potius,
1321 269 1452 309 quam
1493 269 1571 295 ne-

106 330 223 356 cesse
254 317 360 354 fuit.-
406 315 511 353 facit
541 318 688 352 autem
717 324 807 350 non
844 311 1088 362 loquacitas
1119 325 1230 362 mea,
1274 312 1349 352 sed
1378 312 1571 352 benevo-

105 373 243 411 lentia
271 371 494 425 longiores
512 368 732 420 epistolas·
791 364 999 405 Servium
1024 364 1251 406 discessise
1270 367 1453 407 Athenis
1475 369 1613 411 mo-5

105 428 213 466 leste
243 427 352 466 tuli:
391 438 479 463 non
509 424 624 462 enim
655 421 825 472 dubito,
866 423 971 473 quin
1007 433 1190 476 magnae
1230 424 1315 462 tibi
1352 423 1573 463 levationi

104 483 261 522 solitus
291 482 349 520 sit
377 493 468 519 esse
498 476 780 531 quotidianus
811 489 1068 531 congressus
1099 483 1142 516 et
1171 490 1315 517 sermo
1343 493 1477 531 quum
1508 480 1572 517 fa-

106 537 399 576 miliarissimi
434 534 640 582 hominis,
684 539 778 571 tum
818 533 974 585 optimi
1012 538 1055 570 et
1092 532 1426 584 prudentissimi
1465 535 1572 574 viri.

106 592 178 630 Tu
214 592 349 632 velini
385 596 444 640 te,
494 595 545 627 ut
585 588 715 627 debes
759 594 802 627 et
844 588 973 637 soles,
1015 593 1093 625 tua
1130 590 1299 628 virtute
1342 596 1572 629 sustentes,

104 648 211 702 Ego,
255 658 364 698 quae
400 652 442 684 te
481 645 597 684 velle
638 656 834 695 quaeque
874 642 930 681 ad
970 649 1014 681 te
1056 649 1099 682 et
1129 643 1184 683 ad
1213 651 1313 684 tuos
1343 648 1575 698 pertinere

107 703 376 750 arbitrabor,
418 701 565 738 onmia
605 698 801 738 studiose
845 698 1169 753 diligenterque
1208 701 1402 739 curabo:
1461 713 1574 753 quae

108 771 241 809 quum
272 757 445 805 faciam,
478 755 831 794 benevolentiam
860 761 982 794 tuam
1012 766 1118 810 erga
1138 768 1207 795 me
1227 756 1456 803 imitabor,
1483 768 1575 795 me-

107 814 196 852 rita
225 825 313 851 non
341 823 561 864 assequar.
619 809 747 848 Vale.

276 996 596 1047 EPISTOLA
630 996 884 1046 DXXVII.
923 996 1004 1056 (ad
1038 997 1150 1046 Div.
1187 998 1275 1047 VI.
1314 999 1415 1058 10.)

139 1087 221 1122 scr.
250 1087 404 1127 Romae,
431 1088 589 1120 fortasse
616 1098 748 1120 mense
774 1087 951 1120 Ianuario
978 1087 1020 1120 A.
1049 1088 1095 1122 U.
1124 1088 1161 1122 0.
1190 1089 1271 1123 709.
1307 1089 1355 1130 (a.
1386 1087 1427 1121 0.
1454 1088 1532 1131 45.)

107 1160 297 1195 Trebiano
326 1158 521 1194 exsulanti
549 1157 676 1191 officia
702 1170 765 1191 sua
791 1158 1006 1203 pollicetur
1032 1170 1197 1203 eumque
1222 1171 1287 1205 spe
1314 1160 1461 1194 reditus
1488 1170 1579 1193 mox

444 1218 464 1239 a
491 1206 650 1240 Caesare
677 1206 910 1251 impetrandi
936 1207 1092 1244 solatur.
1129 1210 1232 1244 1-6.

530 1279 579 1311 M.
617 1277 797 1313 CICERO
834 1278 1086 1314 TREBIANO
1119 1280 1154 1314 S.

222 1352 330 1407 Ego,
372 1350 526 1403 quanti
554 1356 598 1388 te
628 1352 789 1388 faciam
808 1364 1066 1404 semperque
1097 1355 1297 1404 fecerim,
1327 1354 1482 1407 quanti
1510 1368 1582 1395 me

112 1422 137 1447 a
166 1413 209 1446 te
239 1408 338 1446 fieri
368 1406 679 1455 intellexerim,
710 1419 805 1445 sum
836 1407 945 1444 mihi
974 1409 1067 1460 ipse
1088 1410 1225 1447 testis.
1270 1409 1385 1449 Nam
1408 1417 1452 1450 et
1476 1423 1581 1450 con-

113 1464 264 1502 silium
294 1468 419 1501 tuum
447 1482 502 1489 —
530 1462 603 1499 vel
633 1474 755 1499 casus
785 1464 931 1514 potius
967 1485 1022 1489 —
1063 1462 1228 1503 diutius
1266 1466 1312 1504 in
1352 1467 1487 1505 armis
1518 1468 1581 1505 ci-

112 1519 277 1557 vilibus
309 1515 616 1555 commorandi
655 1529 829 1568 semper
868 1517 978 1555 mihi
1009 1532 1167 1574 magno
1206 1519 1355 1560 dolori
1392 1522 1500 1560 fuit:
1538 1528 1584 1562 et

113 1573 188 1612 1110
219 1578 414 1622 eventus,
447 1571 563 1623 quod
593 1570 777 1622 tardius,
808 1585 938 1624 quam
969 1579 1033 1612 est
1063 1587 1249 1627 aequum
1280 1582 1324 1615 et
1347 1590 1478 1629 quam
1500 1590 1583 1633 ego

113 1629 295 1678 vellem,
327 1628 550 1679 reciperas
570 1628 796 1665 fortunam
825 1634 868 1666 et
897 1627 1157 1683 dignitatem
1186 1637 1322 1683 tuam,
1352 1632 1464 1670 mihi
1494 1646 1584 1671 non

114 1685 281 1722 minori
325 1695 457 1721 curae
501 1688 578 1732 est,
619 1695 749 1734 quam
788 1683 872 1721 tibi
913 1697 1086 1737 semper
1114 1688 1296 1726 fuerunt
1325 1701 1450 1726 casus
1480 1690 1584 1727 mei.

113 1740 265 1791 Itaque
295 1744 339 1777 et
368 1738 679 1776 Postumuleno
712 1743 755 1776 et
783 1736 927 1778 Sestio
967 1746 1010 1779 et
1038 1742 1290 1794 saepissime
1319 1742 1470 1782 Attico
1504 1757 1585 1782 no-

116 1802 209 1834 stro
240 1794 527 1846 proximeque
547 1791 773 1843 Theudae,
806 1794 968 1834 liberto
1000 1801 1093 1847 tuo,
1126 1803 1268 1836 totum
1297 1812 1366 1838 me
1391 1800 1586 1852 patefeci

118 1856 162 1889 et
191 1849 298 1887 haec
328 1848 394 1887 his
424 1849 608 1904 singulis
639 1862 767 1900 saepe
791 1847 899 1900 dixi,
930 1864 1189 1904 quacunque
1220 1867 1269 1893 re
1297 1867 1484 1907 possem,
1516 1868 1586 1894 me

117 1982 161 1990 —
189 1967 227 1998 in
252 1964 438 1998 metuendo
465 1969 553 1997 statt
588 1965 627 1997 in
665 1969 792 2006 metu3
829 1964 918 1997 abet·
953 1965 1027 2000 den
1054 1967 1223 2000 Zustand
1260 1968 1586 2005 bezeichnender.

117 2032 163 2038 —-
189 2015 322 2053 elesino,
358 2013 506 2055 timere,
544 2019 728 2047 metuere.
766 2031 813 2037 --
854 2014 1020 2056 benevol„
1063 2015 1171 2048 mein
1206 2015 1483 2052 Wohlwollen
1520 2031 1586 2069 ge-

120 2073 195 2109 gen
226 2061 340 2094 Dich.

213 2111 244 2143 5.
299 2110 459 2141 Servium
486 2109 686 2142 discessisse
710 2110 872 2143 Athenis.
925 2111 1026 2151 Non,
1066 2111 1169 2154 quod
1203 2111 1248 2145 de
1282 2113 1487 2156 provincia
1524 2114 1588 2148 de-

122 2157 290 2198 cesserit,
318 2156 383 2189 sed
408 2159 601 2200 profectus
631 2162 712 2190 erat
738 2158 784 2190 ad
810 2158 901 2190 alias
928 2158 1091 2192 Achaiae
1123 2159 1351 2204 provinciae
1377 2162 1509 2204 urbes3
1551 2168 1589 2196 et

123 2212 253 2248 postea
282 2204 447 2237 Athenas
474 2205 600 2238 rediit.
629 2206 732 2238 SCH.
761 2205 795 2239 S.
813 2217 869 2250 ep.
887 2205 1036 2248 DXVH,
1058 2210 1091 2242 6.
1117 2226 1163 2232 -
1189 2211 1325 2242 merita
1351 2209 1397 2243 de
1424 2222 1486 2244 me
1512 2216 1588 2244 tua.

217 2275 479 2312 TREBIANO.
531 2277 664 2311 Dieser
697 2288 779 2310 war
814 2277 899 2311 dem
936 2279 1133 2323 Pompeius
1172 2281 1323 2329 gefolgt
1365 2282 1447 2316 und
1480 2281 1589 2316 hatte

123 2324 224 2359 nach
258 2325 326 2358 der
353 2325 645 2359 Pharsalischen
678 2325 910 2370 Niederlage
943 2325 1042 2359 auch
1076 2329 1118 2361 in
1143 2328 1279 2361 Afrika
1312 2341 1440 2377 gegen
1475 2329 1591 2363 Gasar

123 2373 291 2420 gedient.
348 2373 404 2406 Er
442 2373 542 2406 lebte
577 2373 752 2407 desshalb
791 2373 843 2406 1111
869 2374 979 2407 Exsil
1015 2375 1094 2409 und
1133 2376 1215 2410 sein
1249 2377 1470 2425 Vermtigen
1506 2388 1591 2414 war

123 2421 372 2468 eingezogen.

222 2483 255 2513 1.
309 2484 508 2526 reciperas,
549 2481 696 2515 wieder
736 2481 922 2528 erlangen
954 2482 1074 2516 wirst.
1111 2483 1176 2517 Sic
1208 2484 1323 2521 Taur.
1361 2484 1457 2519 Med.
1489 2484 1590 2520 Vict.

122 2529 156 2563 2.
183 2537 231 2559 =
258 2541 448 2573 recuperas
473 2529 568 2562 Vict.
598 2533 627 2563 1.
657 2530 792 2563 Graev.
821 2530 917 2563 Em.
946 2529 1032 2565 Seh.
1062 2533 1160 2565 Liin.
1192 2534 1266 2566 OR.
1307 2551 1349 2557 —
1399 2534 1593 2567 Postumu-

124 2578 216 2616 leno,
251 2576 373 2610 amieo
406 2577 598 2610 Trebiani.
636 2579 672 2611 P.
702 2579 817 2611 Sestio
842 2578 882 2611 L.
911 2578 951 2610 F.
999 2579 1036 2613 S.
1068 2592 1116 2612 zu
1142 2592 1201 2625 ep.
1229 2581 1294 2612 XV
1320 2582 1374 2614 im
1399 2582 1590 2629 Anfange.

122 2642 168 2649 -
195 2624 280 2657 haec
305 2624 360 2658 his
384 2628 477 2668 sing.
510 2624 572 2658 Sic
599 2625 671 2658 Md.
700 2626 780 2658 Asc.
809 2628 840 2659 1.
879 2625 978 2660 Crat.
1006 2628 1110 2661 Vict.
1138 2632 1170 2662 1.
1198 2630 1230 2663 2.
1276 2629 1415 2666 Graev.
1450 2629 1591 2664 Bened.

124 2677 159 2706 et
184 2673 269 2706 haec
294 2675 342 2706 iis
367 2684 395 2707 s.
429 2672 517 2706 Sch.
547 2673 644 2706 Liin.
674 2679 708 2708 et
733 2675 798 2708 hoc
823 2675 880 2708 his
904 2687 932 2708 s.
960 2676 1185 2724 Maru-Lag.
1216 2677 1289 2712 ΟΒ.
1324 2697 1367 2703 -
1397 2683 1591 2724 paratam.
