<?xml version="1.0" encoding="UTF-8"?>
<!DOCTYPE html PUBLIC "-//W3C//DTD XHTML 1.0 Transitional//EN"
    "http://www.w3.org/TR/xhtml1/DTD/xhtml1-transitional.dtd">
<html xmlns="http://www.w3.org/1999/xhtml" xml:lang="en" lang="en">
 <head>
  <title>
</title>
<meta http-equiv="Content-Type" content="text/html;charset=utf-8" />
  <meta name='ocr-system' content='tesseract 3.04.00' />
  <meta name='ocr-capabilities' content='ocr_page ocr_carea ocr_par ocr_line ocrx_word'/>
</head>
<body>
  <div class='ocr_page' id='page_1' title='image "./epistolaeadattic03ciceuoft_0337.png"; bbox 0 0 1795 3081; ppageno 0'>
   <div class='ocr_carea' id='block_1_1' title="bbox 489 68 1577 121">
    <p class='ocr_par' dir='ltr' id='par_1_1' title="bbox 489 68 1577 121">
     <span class='ocr_line' id='line_1_1' title="bbox 489 68 1577 121; baseline 0.003 -3"><span class='ocrx_word' id='word_1_1' title='bbox 489 70 806 120; x_wconf 77' lang='lat' dir='ltr'>EPISTULA</span> <span class='ocrx_word' id='word_1_2' title='bbox 845 68 1097 117; x_wconf 87' lang='lat' dir='ltr'><strong>DLXXXl</strong></span> <span class='ocrx_word' id='word_1_3' title='bbox 1112 71 1164 117; x_wconf 89' lang='lat' dir='ltr'><strong>V.</strong></span> <span class='ocrx_word' id='word_1_4' title='bbox 1481 76 1577 121; x_wconf 78' lang='lat'><strong>327</strong></span> 
     </span>
    </p>
   </div>
   <div class='ocr_carea' id='block_1_2' title="bbox 111 191 1617 1295">
    <p class='ocr_par' dir='ltr' id='par_1_2' title="bbox 111 191 1617 1295">
     <span class='ocr_line' id='line_1_2' title="bbox 114 191 1615 246; baseline -0.001 -12"><span class='ocrx_word' id='word_1_5' title='bbox 114 195 301 234; x_wconf 86' lang='lat' dir='ltr'><strong>Tullios.</strong></span> <span class='ocrx_word' id='word_1_6' title='bbox 362 194 508 245; x_wconf 73' lang='lat' dir='ltr'><strong>Quare</strong></span> <span class='ocrx_word' id='word_1_7' title='bbox 538 198 613 231; x_wconf 85' lang='lat' dir='ltr'><strong>aut</strong></span> <span class='ocrx_word' id='word_1_8' title='bbox 640 193 725 232; x_wconf 85' lang='lat' dir='ltr'><strong>ista</strong></span> <span class='ocrx_word' id='word_1_9' title='bbox 761 191 998 245; x_wconf 79' lang='lat' dir='ltr'><strong>proficient</strong></span> <span class='ocrx_word' id='word_1_10' title='bbox 1026 198 1103 229; x_wconf 76' lang='lat' dir='ltr'><strong>aut</strong></span> <span class='ocrx_word' id='word_1_11' title='bbox 1131 191 1252 241; x_wconf 80' lang='lat' dir='ltr'><strong>aliud</strong></span> <span class='ocrx_word' id='word_1_12' title='bbox 1282 205 1469 246; x_wconf 78' lang='lat' dir='ltr'><strong>agamus.</strong></span> <span class='ocrx_word' id='word_1_13' title='bbox 1510 195 1615 237; x_wconf 65' lang='lat' dir='ltr'><strong>Det!</strong></span> 
     </span>
     <span class='ocr_line' id='line_1_3' title="bbox 114 245 1575 304; baseline 0 -15"><span class='ocrx_word' id='word_1_14' title='bbox 114 250 300 304; x_wconf 87' lang='lat' dir='ltr'><strong>pecunia</strong></span> <span class='ocrx_word' id='word_1_15' title='bbox 328 261 453 297; x_wconf 83' lang='lat' dir='ltr'><strong>vero,</strong></span> <span class='ocrx_word' id='word_1_16' title='bbox 487 246 616 287; x_wconf 89' lang='lat' dir='ltr'><strong>video</strong></span> <span class='ocrx_word' id='word_1_17' title='bbox 645 261 671 286; x_wconf 87' lang='lat' dir='ltr'><strong>a</strong></span> <span class='ocrx_word' id='word_1_18' title='bbox 700 254 741 286; x_wconf 83' lang='lat' dir='ltr'><strong>te</strong></span> <span class='ocrx_word' id='word_1_19' title='bbox 771 259 943 285; x_wconf 85' lang='lat' dir='ltr'><strong>omnem</strong></span> <span class='ocrx_word' id='word_1_20' title='bbox 975 245 1248 299; x_wconf 77' lang='lat' dir='ltr'><strong>diligentiam</strong></span> <span class='ocrx_word' id='word_1_21' title='bbox 1277 246 1476 288; x_wconf 83' lang='lat' dir='ltr'><strong>adhiberi</strong></span> <span class='ocrx_word' id='word_1_22' title='bbox 1505 251 1575 289; x_wconf 64' lang='lat' dir='ltr'><strong>vel</strong></span> 
     </span>
     <span class='ocr_line' id='line_1_4' title="bbox 114 301 1573 358; baseline 0.001 -15"><span class='ocrx_word' id='word_1_23' title='bbox 114 306 259 358; x_wconf 81' lang='lat' dir='ltr'><strong>potius</strong></span> <span class='ocrx_word' id='word_1_24' title='bbox 289 305 376 343; x_wconf 89' lang='lat' dir='ltr'><strong>iam</strong></span> <span class='ocrx_word' id='word_1_25' title='bbox 407 303 669 342; x_wconf 79' lang='lat' dir='ltr'>adhibitam:</span> <span class='ocrx_word' id='word_1_26' title='bbox 702 301 821 355; x_wconf 82' lang='lat' dir='ltr'><strong>quod</strong></span> <span class='ocrx_word' id='word_1_27' title='bbox 849 303 885 340; x_wconf 83' lang='lat' dir='ltr'><strong>si</strong></span> <span class='ocrx_word' id='word_1_28' title='bbox 916 302 1068 349; x_wconf 83' lang='lat' dir='ltr'><strong>efficis,</strong></span> <span class='ocrx_word' id='word_1_29' title='bbox 1100 315 1123 340; x_wconf 80' lang='lat' dir='ltr'><strong>a</strong></span> <span class='ocrx_word' id='word_1_30' title='bbox 1155 309 1195 341; x_wconf 82' lang='lat' dir='ltr'><strong>le</strong></span> <span class='ocrx_word' id='word_1_31' title='bbox 1218 303 1368 342; x_wconf 72' lang='lat' dir='ltr'><strong>hortos</strong></span> <span class='ocrx_word' id='word_1_32' title='bbox 1393 303 1573 344; x_wconf 79' lang='lat' dir='ltr'><strong>habebo.</strong></span> 
     </span>
     <span class='ocr_line' id='line_1_5' title="bbox 114 356 1575 412; baseline -0.001 -13"><span class='ocrx_word' id='word_1_33' title='bbox 114 360 207 399; x_wconf 81' lang='lat' dir='ltr'><strong>Nec</strong></span> <span class='ocrx_word' id='word_1_34' title='bbox 224 372 330 399; x_wconf 79' lang='lat' dir='ltr'><strong>vero</strong></span> <span class='ocrx_word' id='word_1_35' title='bbox 351 359 492 397; x_wconf 88' lang='lat' dir='ltr'><strong>ullum</strong></span> <span class='ocrx_word' id='word_1_36' title='bbox 514 371 649 412; x_wconf 80' lang='lat' dir='ltr'><strong>genus</strong></span> <span class='ocrx_word' id='word_1_37' title='bbox 667 358 952 410; x_wconf 84' lang='lat' dir='ltr'><strong>possessionis</strong></span> <span class='ocrx_word' id='word_1_38' title='bbox 969 362 1043 400; x_wconf 85' lang='lat' dir='ltr'><strong>est,</strong></span> <span class='ocrx_word' id='word_1_39' title='bbox 1067 356 1181 410; x_wconf 83' lang='lat' dir='ltr'><strong>quod</strong></span> <span class='ocrx_word' id='word_1_40' title='bbox 1204 361 1368 407; x_wconf 87' lang='lat' dir='ltr'><strong>malim,</strong></span> <span class='ocrx_word' id='word_1_41' title='bbox 1388 361 1575 399; x_wconf 59' lang='lat' dir='ltr'><strong>maxime</strong></span> 
     </span>
     <span class='ocr_line' id='line_1_6' title="bbox 114 415 1575 465; baseline 0 -11"><span class='ocrx_word' id='word_1_42' title='bbox 114 416 284 454; x_wconf 88' lang='lat' dir='ltr'><strong>seilicet</strong></span> <span class='ocrx_word' id='word_1_43' title='bbox 312 415 365 453; x_wconf 92' lang='lat' dir='ltr'><strong>ob</strong></span> <span class='ocrx_word' id='word_1_44' title='bbox 398 427 489 453; x_wconf 88' lang='lat' dir='ltr'><strong>eam</strong></span> <span class='ocrx_word' id='word_1_45' title='bbox 521 426 710 459; x_wconf 75' lang='lat' dir='ltr'><strong>causam,</strong></span> <span class='ocrx_word' id='word_1_46' title='bbox 744 424 853 465; x_wconf 86' lang='lat' dir='ltr'><strong>quae</strong></span> <span class='ocrx_word' id='word_1_47' title='bbox 881 417 1080 463; x_wconf 80' lang='lat' dir='ltr'><strong>suscepta</strong></span> <span class='ocrx_word' id='word_1_48' title='bbox 1112 420 1198 462; x_wconf 77' lang='lat' dir='ltr'><strong>est3</strong></span> <span class='ocrx_word' id='word_1_49' title='bbox 1245 416 1369 452; x_wconf 88' lang='lat' dir='ltr'><strong>cuius</strong></span> <span class='ocrx_word' id='word_1_50' title='bbox 1401 417 1575 454; x_wconf 76' lang='lat' dir='ltr'><strong>festina-</strong></span> 
     </span>
     <span class='ocr_line' id='line_1_7' title="bbox 115 465 1575 523; baseline 0 -14"><span class='ocrx_word' id='word_1_51' title='bbox 115 472 276 509; x_wconf 81' lang='lat' dir='ltr'>tionem</span> <span class='ocrx_word' id='word_1_52' title='bbox 306 468 413 508; x_wconf 85' lang='lat' dir='ltr'><strong>mihi</strong></span> <span class='ocrx_word' id='word_1_53' title='bbox 444 469 575 514; x_wconf 83' lang='lat' dir='ltr'><strong>tollis,</strong></span> <span class='ocrx_word' id='word_1_54' title='bbox 609 469 815 520; x_wconf 89' lang='lat' dir='ltr'><strong>quoniam</strong></span> <span class='ocrx_word' id='word_1_55' title='bbox 839 465 890 506; x_wconf 91' lang='lat' dir='ltr'><strong>de</strong></span> <span class='ocrx_word' id='word_1_56' title='bbox 913 472 1075 506; x_wconf 88' lang='lat' dir='ltr'><strong>aestate</strong></span> <span class='ocrx_word' id='word_1_57' title='bbox 1096 468 1319 518; x_wconf 78' lang='lat' dir='ltr'><strong>polliceris</strong></span> <span class='ocrx_word' id='word_1_58' title='bbox 1339 470 1404 508; x_wconf 74' lang='lat' dir='ltr'><strong>vel</strong></span> <span class='ocrx_word' id='word_1_59' title='bbox 1430 473 1575 523; x_wconf 76' lang='lat' dir='ltr'><strong>polius</strong></span> 
     </span>
     <span class='ocr_line' id='line_1_8' title="bbox 116 518 1575 578; baseline 0 -14"><span class='ocrx_word' id='word_1_60' title='bbox 116 526 303 578; x_wconf 81' lang='lat' dir='ltr'><strong>recipis:</strong></span> <span class='ocrx_word' id='word_1_61' title='bbox 334 523 488 563; x_wconf 87' lang='lat' dir='ltr'><strong>deinde</strong></span> <span class='ocrx_word' id='word_1_62' title='bbox 518 525 654 562; x_wconf 87' lang='lat' dir='ltr'><strong>etiam</strong></span> <span class='ocrx_word' id='word_1_63' title='bbox 684 522 739 562; x_wconf 89' lang='lat' dir='ltr'><strong>ad</strong></span> <span class='ocrx_word' id='word_1_64' title='bbox 767 518 1037 573; x_wconf 70' lang='grc' dir='ltr'><em>καταβίωσιν</em></span> <span class='ocrx_word' id='word_1_65' title='bbox 1055 524 1406 577; x_wconf 76' lang='lat' dir='ltr'><strong>maestitiamque</strong></span> <span class='ocrx_word' id='word_1_66' title='bbox 1432 527 1575 564; x_wconf 83' lang='lat' dir='ltr'><strong>minn-</strong></span> 
     </span>
     <span class='ocr_line' id='line_1_9' title="bbox 114 578 1578 632; baseline -0.001 -12"><span class='ocrx_word' id='word_1_67' title='bbox 114 578 266 620; x_wconf 77' lang='lat' dir='ltr'><strong>endam</strong></span> <span class='ocrx_word' id='word_1_68' title='bbox 296 578 410 618; x_wconf 90' lang='lat' dir='ltr'><strong>nihil</strong></span> <span class='ocrx_word' id='word_1_69' title='bbox 438 578 550 617; x_wconf 87' lang='lat' dir='ltr'><strong>mihi</strong></span> <span class='ocrx_word' id='word_1_70' title='bbox 581 580 770 631; x_wconf 86' lang='lat' dir='ltr'><strong>reperiri</strong></span> <span class='ocrx_word' id='word_1_71' title='bbox 798 583 942 632; x_wconf 80' lang='lat' dir='ltr'><strong>potest</strong></span> <span class='ocrx_word' id='word_1_72' title='bbox 968 579 1137 629; x_wconf 79' lang='lat' dir='ltr'><strong>aptius:</strong></span> <span class='ocrx_word' id='word_1_73' title='bbox 1170 580 1293 617; x_wconf 87' lang='lat' dir='ltr'><strong>cuius</strong></span> <span class='ocrx_word' id='word_1_74' title='bbox 1319 581 1383 618; x_wconf 81' lang='lat' dir='ltr'><strong>rei</strong></span> <span class='ocrx_word' id='word_1_75' title='bbox 1408 581 1578 632; x_wconf 75' lang='lat' dir='ltr'><strong>cupidi-</strong></span> 
     </span>
     <span class='ocr_line' id='line_1_10' title="bbox 114 633 1577 687; baseline 0 -13"><span class='ocrx_word' id='word_1_76' title='bbox 114 642 179 674; x_wconf 85' lang='lat' dir='ltr'><strong>tas</strong></span> <span class='ocrx_word' id='word_1_77' title='bbox 210 634 400 687; x_wconf 79' lang='lat' dir='ltr'><strong>impellit</strong></span> <span class='ocrx_word' id='word_1_78' title='bbox 427 647 496 674; x_wconf 88' lang='lat' dir='ltr'><strong>me</strong></span> <span class='ocrx_word' id='word_1_79' title='bbox 524 633 767 682; x_wconf 78' lang='lat' dir='ltr'><strong>interdum,</strong></span> <span class='ocrx_word' id='word_1_80' title='bbox 813 639 863 673; x_wconf 80' lang='lat' dir='ltr'><strong>ut</strong></span> <span class='ocrx_word' id='word_1_81' title='bbox 899 639 940 672; x_wconf 84' lang='lat' dir='ltr'><strong>le</strong></span> <span class='ocrx_word' id='word_1_82' title='bbox 981 634 1149 672; x_wconf 83' lang='lat' dir='ltr'><strong>hortari</strong></span> <span class='ocrx_word' id='word_1_83' title='bbox 1187 635 1333 673; x_wconf 80' lang='lat' dir='ltr'><strong>velim.</strong></span> <span class='ocrx_word' id='word_1_84' title='bbox 1393 634 1480 674; x_wconf 81' lang='lat' dir='ltr'><strong>Sed</strong></span> <span class='ocrx_word' id='word_1_85' title='bbox 1509 649 1577 674; x_wconf 83' lang='lat' dir='ltr'><strong>me</strong></span> 
     </span>
     <span class='ocr_line' id='line_1_11' title="bbox 114 688 1577 744; baseline 0.001 -15"><span class='ocrx_word' id='word_1_86' title='bbox 114 692 207 744; x_wconf 89' lang='lat' dir='ltr'><strong>ipse</strong></span> <span class='ocrx_word' id='word_1_87' title='bbox 237 702 408 729; x_wconf 82' lang='lat' dir='ltr'><strong>revoco.</strong></span> <span class='ocrx_word' id='word_1_88' title='bbox 443 689 543 728; x_wconf 82' lang='lat' dir='ltr'><strong>Non</strong></span> <span class='ocrx_word' id='word_1_89' title='bbox 569 691 683 728; x_wconf 84' lang='lat' dir='ltr'><strong>enim</strong></span> <span class='ocrx_word' id='word_1_90' title='bbox 712 688 876 734; x_wconf 77' lang='lat' dir='ltr'><strong>dubito,</strong></span> <span class='ocrx_word' id='word_1_91' title='bbox 908 689 1028 740; x_wconf 74' lang='lat' dir='ltr'><strong>quin,</strong></span> <span class='ocrx_word' id='word_1_92' title='bbox 1062 688 1178 741; x_wconf 81' lang='lat' dir='ltr'><strong>quod</strong></span> <span class='ocrx_word' id='word_1_93' title='bbox 1208 703 1275 728; x_wconf 88' lang='lat' dir='ltr'><strong>me</strong></span> <span class='ocrx_word' id='word_1_94' title='bbox 1304 688 1432 728; x_wconf 74' lang='lat' dir='ltr'><strong>valde</strong></span> <span class='ocrx_word' id='word_1_95' title='bbox 1462 691 1577 730; x_wconf 79' lang='lat' dir='ltr'><strong>velle</strong></span> 
     </span>
     <span class='ocr_line' id='line_1_12' title="bbox 114 742 1576 798; baseline 0.001 -15"><span class='ocrx_word' id='word_1_96' title='bbox 114 750 255 798; x_wconf 85' lang='lat' dir='ltr'><strong>putes,</strong></span> <span class='ocrx_word' id='word_1_97' title='bbox 285 746 331 783; x_wconf 85' lang='lat' dir='ltr'><strong>in</strong></span> <span class='ocrx_word' id='word_1_98' title='bbox 361 756 410 783; x_wconf 88' lang='lat' dir='ltr'><strong>eo</strong></span> <span class='ocrx_word' id='word_1_99' title='bbox 440 750 488 784; x_wconf 81' lang='lat' dir='ltr'><strong>tu</strong></span> <span class='ocrx_word' id='word_1_100' title='bbox 519 759 587 783; x_wconf 88' lang='lat' dir='ltr'><strong>me</strong></span> <span class='ocrx_word' id='word_1_101' title='bbox 617 745 759 796; x_wconf 86' lang='lat' dir='ltr'><strong>ipsum</strong></span> <span class='ocrx_word' id='word_1_102' title='bbox 791 742 1029 796; x_wconf 86' lang='lat' dir='ltr'><strong>cupiditate</strong></span> <span class='ocrx_word' id='word_1_103' title='bbox 1060 745 1226 783; x_wconf 65' lang='lat' dir='ltr'><strong>vincas.</strong></span> <span class='ocrx_word' id='word_1_104' title='bbox 1284 744 1436 797; x_wconf 81' lang='lat' dir='ltr'><strong>Itaque</strong></span> <span class='ocrx_word' id='word_1_105' title='bbox 1464 746 1576 784; x_wconf 68' lang='lat' dir='ltr'><strong>istuc</strong></span> 
     </span>
     <span class='ocr_line' id='line_1_13' title="bbox 112 798 1617 853; baseline 0.001 -14"><span class='ocrx_word' id='word_1_106' title='bbox 112 803 200 839; x_wconf 84' lang='lat' dir='ltr'><strong>iam</strong></span> <span class='ocrx_word' id='word_1_107' title='bbox 242 813 323 853; x_wconf 88' lang='lat' dir='ltr'><strong>pro</strong></span> <span class='ocrx_word' id='word_1_108' title='bbox 362 802 475 839; x_wconf 84' lang='lat' dir='ltr'><strong>facto</strong></span> <span class='ocrx_word' id='word_1_109' title='bbox 517 800 669 839; x_wconf 83' lang='lat' dir='ltr'><strong>habeo.</strong></span> <span class='ocrx_word' id='word_1_110' title='bbox 738 799 970 852; x_wconf 81' lang='lat' dir='ltr'><strong>Exspecto,</strong></span> <span class='ocrx_word' id='word_1_111' title='bbox 1025 798 1133 851; x_wconf 81' lang='lat' dir='ltr'><strong>quid</strong></span> <span class='ocrx_word' id='word_1_112' title='bbox 1174 800 1269 838; x_wconf 84' lang='lat' dir='ltr'><strong>istis</strong></span> <span class='ocrx_word' id='word_1_113' title='bbox 1312 800 1484 853; x_wconf 78' lang='lat' dir='ltr'><strong>placeat</strong></span> <span class='ocrx_word' id='word_1_114' title='bbox 1525 800 1617 844; x_wconf 82' lang='lat' dir='ltr'><strong>de3</strong></span> 
     </span>
     <span class='ocr_line' id='line_1_14' title="bbox 114 854 1577 908; baseline -0.001 -14"><span class='ocrx_word' id='word_1_115' title='bbox 114 856 293 908; x_wconf 87' lang='lat' dir='ltr'><strong>epistola</strong></span> <span class='ocrx_word' id='word_1_116' title='bbox 316 854 370 894; x_wconf 83' lang='lat' dir='ltr'><strong>ad</strong></span> <span class='ocrx_word' id='word_1_117' title='bbox 393 855 637 895; x_wconf 84' lang='lat' dir='ltr'><strong>Caesarem.</strong></span> <span class='ocrx_word' id='word_1_118' title='bbox 666 854 819 894; x_wconf 81' lang='lat' dir='ltr'><strong>Nicias</strong></span> <span class='ocrx_word' id='word_1_119' title='bbox 850 862 904 899; x_wconf 87' lang='lat' dir='ltr'><strong>te,</strong></span> <span class='ocrx_word' id='word_1_120' title='bbox 937 859 986 893; x_wconf 81' lang='lat' dir='ltr'><strong>ut</strong></span> <span class='ocrx_word' id='word_1_121' title='bbox 1015 854 1155 904; x_wconf 69' lang='lat' dir='ltr'><strong>debet,</strong></span> <span class='ocrx_word' id='word_1_122' title='bbox 1185 861 1314 899; x_wconf 72' lang='lat' dir='ltr'><strong>amat,</strong></span> <span class='ocrx_word' id='word_1_123' title='bbox 1346 854 1577 895; x_wconf 75' lang='lat' dir='ltr'><strong>vehemen-</strong></span> 
     </span>
     <span class='ocr_line' id='line_1_15' title="bbox 114 909 1575 963; baseline 0 -14"><span class='ocrx_word' id='word_1_124' title='bbox 114 917 266 963; x_wconf 83' lang='lat' dir='ltr'><strong>terque</strong></span> <span class='ocrx_word' id='word_1_125' title='bbox 296 916 372 949; x_wconf 87' lang='lat' dir='ltr'><strong>tua</strong></span> <span class='ocrx_word' id='word_1_126' title='bbox 402 913 469 949; x_wconf 81' lang='lat' dir='ltr'><strong>sui</strong></span> <span class='ocrx_word' id='word_1_127' title='bbox 499 912 707 949; x_wconf 79' lang='lat' dir='ltr'><strong>memoria</strong></span> <span class='ocrx_word' id='word_1_128' title='bbox 739 910 992 950; x_wconf 76' lang='lat' dir='ltr'><strong>delectatur.</strong></span> <span class='ocrx_word' id='word_1_129' title='bbox 1052 909 1140 962; x_wconf 80' lang='lat' dir='ltr'><strong>Ego</strong></span> <span class='ocrx_word' id='word_1_130' title='bbox 1171 923 1277 949; x_wconf 75' lang='lat' dir='ltr'><strong>vero</strong></span> <span class='ocrx_word' id='word_1_131' title='bbox 1301 909 1575 950; x_wconf 83' lang='lat' dir='ltr'><strong>Peducaeum</strong></span> 
     </span>
     <span class='ocr_line' id='line_1_16' title="bbox 114 965 1576 1019; baseline 0 -15"><span class='ocrx_word' id='word_1_132' title='bbox 114 972 311 1004; x_wconf 82' lang='lat' dir='ltr'><strong>nostrum</strong></span> <span class='ocrx_word' id='word_1_133' title='bbox 339 966 622 1005; x_wconf 78' lang='lat' dir='ltr'><strong>vehementer</strong></span> <span class='ocrx_word' id='word_1_134' title='bbox 653 965 799 1019; x_wconf 81' lang='lat' dir='ltr'><strong>diligo.</strong></span> <span class='ocrx_word' id='word_1_135' title='bbox 858 965 973 1004; x_wconf 63' lang='lat' dir='ltr'><strong>Nam</strong></span> <span class='ocrx_word' id='word_1_136' title='bbox 1012 972 1055 1004; x_wconf 76' lang='lat' dir='ltr'><strong>et</strong></span> <span class='ocrx_word' id='word_1_137' title='bbox 1092 967 1242 1018; x_wconf 76' lang='lat' dir='ltr'><strong>quanti</strong></span> <span class='ocrx_word' id='word_1_138' title='bbox 1279 971 1447 1019; x_wconf 80' lang='lat' dir='ltr'><strong>patrem</strong></span> <span class='ocrx_word' id='word_1_139' title='bbox 1478 968 1576 1015; x_wconf 81' lang='lat' dir='ltr'><strong>feci,</strong></span> 
     </span>
     <span class='ocr_line' id='line_1_17' title="bbox 113 1021 1576 1074; baseline 0 -15"><span class='ocrx_word' id='word_1_140' title='bbox 113 1026 254 1060; x_wconf 81' lang='lat' dir='ltr'><strong>totum</strong></span> <span class='ocrx_word' id='word_1_141' title='bbox 284 1022 329 1059; x_wconf 88' lang='lat' dir='ltr'><strong>in</strong></span> <span class='ocrx_word' id='word_1_142' title='bbox 359 1021 496 1060; x_wconf 84' lang='lat' dir='ltr'><strong>hunc:</strong></span> <span class='ocrx_word' id='word_1_143' title='bbox 547 1028 589 1061; x_wconf 81' lang='lat' dir='ltr'><strong>et</strong></span> <span class='ocrx_word' id='word_1_144' title='bbox 617 1022 761 1073; x_wconf 83' lang='lat' dir='ltr'><strong>ipsum</strong></span> <span class='ocrx_word' id='word_1_145' title='bbox 791 1034 870 1074; x_wconf 86' lang='lat' dir='ltr'><strong>per</strong></span> <span class='ocrx_word' id='word_1_146' title='bbox 900 1034 943 1060; x_wconf 86' lang='lat' dir='ltr'><strong>se</strong></span> <span class='ocrx_word' id='word_1_147' title='bbox 973 1033 1108 1073; x_wconf 69' lang='lat' dir='ltr'><strong>aeque</strong></span> <span class='ocrx_word' id='word_1_148' title='bbox 1136 1033 1253 1066; x_wconf 83' lang='lat' dir='ltr'><strong>amo,</strong></span> <span class='ocrx_word' id='word_1_149' title='bbox 1293 1027 1423 1073; x_wconf 83' lang='lat' dir='ltr'><strong>atque</strong></span> <span class='ocrx_word' id='word_1_150' title='bbox 1452 1021 1576 1059; x_wconf 87' lang='lat' dir='ltr'><strong>illum</strong></span> 
     </span>
     <span class='ocr_line' id='line_1_18' title="bbox 113 1075 1576 1129; baseline -0.001 -14"><span class='ocrx_word' id='word_1_151' title='bbox 113 1078 280 1124; x_wconf 70' lang='lat' dir='ltr'><strong>amavi,</strong></span> <span class='ocrx_word' id='word_1_152' title='bbox 329 1082 371 1115; x_wconf 83' lang='lat' dir='ltr'><strong>te</strong></span> <span class='ocrx_word' id='word_1_153' title='bbox 400 1089 509 1116; x_wconf 78' lang='lat' dir='ltr'><strong>vero</strong></span> <span class='ocrx_word' id='word_1_154' title='bbox 541 1078 800 1129; x_wconf 76' lang='lat' dir='ltr'><strong>plurimum,</strong></span> <span class='ocrx_word' id='word_1_155' title='bbox 844 1077 918 1129; x_wconf 76' lang='lat' dir='ltr'><strong>qni</strong></span> <span class='ocrx_word' id='word_1_156' title='bbox 953 1075 1034 1114; x_wconf 89' lang='lat' dir='ltr'><strong>hoc</strong></span> <span class='ocrx_word' id='word_1_157' title='bbox 1075 1076 1126 1114; x_wconf 89' lang='lat' dir='ltr'><strong>ab</strong></span> <span class='ocrx_word' id='word_1_158' title='bbox 1163 1081 1350 1129; x_wconf 80' lang='lat' dir='ltr'><strong>utroque</strong></span> <span class='ocrx_word' id='word_1_159' title='bbox 1379 1078 1576 1115; x_wconf 73' lang='lat' dir='ltr'><strong>nostrum</strong></span> 
     </span>
     <span class='ocr_line' id='line_1_19' title="bbox 111 1128 1578 1184; baseline -0.001 -14"><span class='ocrx_word' id='word_1_160' title='bbox 111 1132 210 1170; x_wconf 83' lang='lat' dir='ltr'><strong>fieri</strong></span> <span class='ocrx_word' id='word_1_161' title='bbox 247 1132 369 1171; x_wconf 73' lang='lat' dir='ltr'><strong>velis.</strong></span> <span class='ocrx_word' id='word_1_162' title='bbox 441 1130 487 1170; x_wconf 90' lang='lat' dir='ltr'><strong>Si</strong></span> <span class='ocrx_word' id='word_1_163' title='bbox 517 1132 668 1171; x_wconf 79' lang='lat' dir='ltr'><strong>hortos</strong></span> <span class='ocrx_word' id='word_1_164' title='bbox 697 1133 943 1184; x_wconf 71' lang='lat' dir='ltr'><strong>inspexeris</strong></span> <span class='ocrx_word' id='word_1_165' title='bbox 973 1137 1015 1168; x_wconf 81' lang='lat' dir='ltr'><strong>ct</strong></span> <span class='ocrx_word' id='word_1_166' title='bbox 1044 1132 1081 1169; x_wconf 82' lang='lat' dir='ltr'><strong>si</strong></span> <span class='ocrx_word' id='word_1_167' title='bbox 1111 1128 1162 1169; x_wconf 92' lang='lat' dir='ltr'><strong>de</strong></span> <span class='ocrx_word' id='word_1_168' title='bbox 1199 1133 1381 1184; x_wconf 77' lang='lat' dir='ltr'><strong>epistola</strong></span> <span class='ocrx_word' id='word_1_169' title='bbox 1417 1134 1578 1170; x_wconf 85' lang='lat' dir='ltr'><strong>certio-</strong></span> 
     </span>
     <span class='ocr_line' id='line_1_20' title="bbox 112 1184 1575 1238; baseline 0.001 -14"><span class='ocrx_word' id='word_1_170' title='bbox 112 1199 204 1225; x_wconf 88' lang='lat' dir='ltr'><strong>rem</strong></span> <span class='ocrx_word' id='word_1_171' title='bbox 233 1200 302 1226; x_wconf 90' lang='lat' dir='ltr'><strong>me</strong></span> <span class='ocrx_word' id='word_1_172' title='bbox 333 1187 510 1231; x_wconf 70' lang='lat' dir='ltr'><strong>feceris,</strong></span> <span class='ocrx_word' id='word_1_173' title='bbox 559 1185 732 1226; x_wconf 78' lang='lat' dir='ltr'><strong>dederis</strong></span> <span class='ocrx_word' id='word_1_174' title='bbox 763 1187 895 1236; x_wconf 82' lang='lat' dir='ltr'><strong>mihi,</strong></span> <span class='ocrx_word' id='word_1_175' title='bbox 951 1184 1067 1238; x_wconf 77' lang='lat' dir='ltr'><strong>quod</strong></span> <span class='ocrx_word' id='word_1_176' title='bbox 1099 1184 1152 1224; x_wconf 82' lang='lat' dir='ltr'><strong>ad</strong></span> <span class='ocrx_word' id='word_1_177' title='bbox 1181 1191 1223 1224; x_wconf 85' lang='lat' dir='ltr'><strong>te</strong></span> <span class='ocrx_word' id='word_1_178' title='bbox 1253 1187 1460 1225; x_wconf 86' lang='lat' dir='ltr'><strong>scribam:</strong></span> <span class='ocrx_word' id='word_1_179' title='bbox 1509 1188 1575 1225; x_wconf 89' lang='lat' dir='ltr'><strong>sin</strong></span> 
     </span>
     <span class='ocr_line' id='line_1_21' title="bbox 111 1239 1501 1295; baseline 0 -15"><span class='ocrx_word' id='word_1_180' title='bbox 111 1242 267 1288; x_wconf 67' lang='lat' dir='ltr'><strong>mium,</strong></span> <span class='ocrx_word' id='word_1_181' title='bbox 299 1243 487 1282; x_wconf 86' lang='lat' dir='ltr'><strong>scribam</strong></span> <span class='ocrx_word' id='word_1_182' title='bbox 517 1248 662 1281; x_wconf 79' lang='lat' dir='ltr'><strong>tamen</strong></span> <span class='ocrx_word' id='word_1_183' title='bbox 693 1241 875 1295; x_wconf 80' lang='lat' dir='ltr'><strong>aliquid.</strong></span> <span class='ocrx_word' id='word_1_184' title='bbox 934 1242 1170 1294; x_wconf 83' lang='lat' dir='ltr'><strong>Nunquam</strong></span> <span class='ocrx_word' id='word_1_185' title='bbox 1201 1243 1317 1281; x_wconf 89' lang='lat' dir='ltr'><strong>enim</strong></span> <span class='ocrx_word' id='word_1_186' title='bbox 1347 1239 1501 1281; x_wconf 81' lang='lat' dir='ltr'><strong>deerit.</strong></span> 
     </span>
    </p>
   </div>
   <div class='ocr_carea' id='block_1_3' title="bbox 624 1331 1265 1339">
    <p class='ocr_par' dir='ltr' id='par_1_3' title="bbox 624 1331 1265 1339">
     <span class='ocr_line' id='line_1_22' title="bbox 624 1331 1265 1339; baseline 0 0"><span class='ocrx_word' id='word_1_187' title='bbox 624 1331 1265 1339; x_wconf 95' lang='lat' dir='ltr'><strong> </strong></span> 
     </span>
    </p>
   </div>
   <div class='ocr_carea' id='block_1_4' title="bbox 112 1379 1579 1521">
    <p class='ocr_par' dir='ltr' id='par_1_4' title="bbox 112 1379 1579 1521">
     <span class='ocr_line' id='line_1_23' title="bbox 112 1379 1576 1423; baseline 0.001 -11"><span class='ocrx_word' id='word_1_188' title='bbox 112 1390 200 1412; x_wconf 82' lang='lat' dir='ltr'><strong>cum</strong></span> <span class='ocrx_word' id='word_1_189' title='bbox 215 1379 405 1414; x_wconf 82' lang='lat' dir='ltr'><strong>Cicerone</strong></span> <span class='ocrx_word' id='word_1_190' title='bbox 420 1380 586 1414; x_wconf 76' lang='lat' dir='ltr'><strong>Athenis</strong></span> <span class='ocrx_word' id='word_1_191' title='bbox 609 1386 734 1420; x_wconf 76' lang='lat' dir='ltr'><strong>erant,</strong></span> <span class='ocrx_word' id='word_1_192' title='bbox 762 1380 963 1423; x_wconf 76' lang='lat' dir='ltr'><strong>scripsisti.</strong></span> <span class='ocrx_word' id='word_1_193' title='bbox 980 1399 1029 1405; x_wconf 83' lang='lat'><strong>—-</strong></span> <span class='ocrx_word' id='word_1_194' title='bbox 1058 1383 1146 1421; x_wconf 73' lang='lat' dir='ltr'><strong>ista,</strong></span> <span class='ocrx_word' id='word_1_195' title='bbox 1169 1380 1453 1414; x_wconf 79' lang='lat' dir='ltr'><strong>admonitiones</strong></span> <span class='ocrx_word' id='word_1_196' title='bbox 1476 1386 1576 1414; x_wconf 84' lang='lat' dir='ltr'><strong>tuae.</strong></span> 
     </span>
     <span class='ocr_line' id='line_1_24' title="bbox 112 1428 1579 1476; baseline 0.002 -16"><span class='ocrx_word' id='word_1_197' title='bbox 112 1446 159 1451; x_wconf 92' lang='lat'>-</span> <span class='ocrx_word' id='word_1_198' title='bbox 185 1440 352 1472; x_wconf 75' lang='lat' dir='ltr'><strong>agamus,</strong></span> <span class='ocrx_word' id='word_1_199' title='bbox 380 1429 473 1462; x_wconf 86' lang='lat' dir='ltr'><strong>oder</strong></span> <span class='ocrx_word' id='word_1_200' title='bbox 499 1429 576 1461; x_wconf 70' lang='lat' dir='ltr'><strong>xvix·</strong></span> <span class='ocrx_word' id='word_1_201' title='bbox 602 1428 749 1461; x_wconf 81' lang='lat' dir='ltr'><strong>wollen</strong></span> <span class='ocrx_word' id='word_1_202' title='bbox 777 1428 918 1462; x_wconf 83' lang='lat' dir='ltr'><strong>andere</strong></span> <span class='ocrx_word' id='word_1_203' title='bbox 931 1429 1166 1476; x_wconf 74' lang='lat' dir='ltr'><strong>Massi-egeln</strong></span> <span class='ocrx_word' id='word_1_204' title='bbox 1193 1429 1402 1476; x_wconf 83' lang='lat' dir='ltr'><strong>ergreisen.</strong></span> <span class='ocrx_word' id='word_1_205' title='bbox 1430 1440 1579 1474; x_wconf 82' lang='lat' dir='ltr'><strong>agemus</strong></span> 
     </span>
     <span class='ocr_line' id='line_1_25' title="bbox 114 1475 773 1521; baseline 0 -13"><span class='ocrx_word' id='word_1_206' title='bbox 114 1475 273 1511; x_wconf 84' lang='lat' dir='ltr'><strong>Corrad.</strong></span> <span class='ocrx_word' id='word_1_207' title='bbox 300 1488 398 1521; x_wconf 88' lang='lat' dir='ltr'><strong>susp.</strong></span> <span class='ocrx_word' id='word_1_208' title='bbox 426 1476 533 1521; x_wconf 85' lang='lat' dir='ltr'><strong>prob.</strong></span> <span class='ocrx_word' id='word_1_209' title='bbox 561 1477 657 1509; x_wconf 85' lang='lat' dir='ltr'><strong>Ern.</strong></span> <span class='ocrx_word' id='word_1_210' title='bbox 699 1476 773 1509; x_wconf 79' lang='grc' dir='ltr'><strong>ΟΒ.</strong></span> 
     </span>
    </p>
   </div>
   <div class='ocr_carea' id='block_1_5' title="bbox 110 1535 1578 2064">
    <p class='ocr_par' dir='ltr' id='par_1_5' title="bbox 110 1535 1578 2064">
     <span class='ocr_line' id='line_1_26' title="bbox 207 1535 1576 1583; baseline 0.001 -14"><span class='ocrx_word' id='word_1_211' title='bbox 207 1537 239 1569; x_wconf 84' lang='grc'><strong>2.</strong></span> <span class='ocrx_word' id='word_1_212' title='bbox 292 1538 333 1569; x_wconf 79' lang='lat' dir='ltr'><strong>de</strong></span> <span class='ocrx_word' id='word_1_213' title='bbox 355 1539 510 1582; x_wconf 69' lang='lat' dir='ltr'><strong>pecunia</strong></span> <span class='ocrx_word' id='word_1_214' title='bbox 539 1547 557 1567; x_wconf 82' lang='lat' dir='ltr'><strong>a</strong></span> <span class='ocrx_word' id='word_1_215' title='bbox 587 1535 826 1569; x_wconf 78' lang='lat' dir='ltr'><strong>debitoribus</strong></span> <span class='ocrx_word' id='word_1_216' title='bbox 848 1536 1050 1583; x_wconf 62' lang='lat' dir='ltr'><strong>exigunda,</strong></span> <span class='ocrx_word' id='word_1_217' title='bbox 1080 1543 1120 1569; x_wconf 78' lang='lat' dir='ltr'><strong>ut</strong></span> <span class='ocrx_word' id='word_1_218' title='bbox 1139 1535 1270 1570; x_wconf 69' lang='lat' dir='ltr'><strong>hortos</strong></span> <span class='ocrx_word' id='word_1_219' title='bbox 1292 1547 1419 1570; x_wconf 83' lang='lat' dir='ltr'><strong>emere</strong></span> <span class='ocrx_word' id='word_1_220' title='bbox 1438 1542 1576 1580; x_wconf 60' lang='lat' dir='ltr'><strong>posset.</strong></span> 
     </span>
     <span class='ocr_line' id='line_1_27' title="bbox 112 1582 1577 1631; baseline 0 -15"><span class='ocrx_word' id='word_1_221' title='bbox 112 1583 296 1618; x_wconf 79' lang='lat' dir='ltr'><strong>MANUT.</strong></span> <span class='ocrx_word' id='word_1_222' title='bbox 324 1582 359 1617; x_wconf 91' lang='lat' dir='ltr'><strong>S.</strong></span> <span class='ocrx_word' id='word_1_223' title='bbox 386 1595 446 1629; x_wconf 86' lang='lat' dir='ltr'><strong>ep.</strong></span> <span class='ocrx_word' id='word_1_224' title='bbox 472 1586 554 1623; x_wconf 68' lang='lat'><strong>5⁷47,</strong></span> <span class='ocrx_word' id='word_1_225' title='bbox 582 1586 674 1618; x_wconf 87' lang='grc'><strong>2.-</strong></span> <span class='ocrx_word' id='word_1_226' title='bbox 701 1597 723 1616; x_wconf 79' lang='lat' dir='ltr'><strong>a</strong></span> <span class='ocrx_word' id='word_1_227' title='bbox 749 1589 796 1624; x_wconf 77' lang='lat' dir='ltr'><strong>te,</strong></span> <span class='ocrx_word' id='word_1_228' title='bbox 824 1584 947 1616; x_wconf 81' lang='lat' dir='ltr'><strong>durch</strong></span> <span class='ocrx_word' id='word_1_229' title='bbox 964 1585 1087 1617; x_wconf 82' lang='lat' dir='ltr'><strong>Deine</strong></span> <span class='ocrx_word' id='word_1_230' title='bbox 1115 1585 1251 1631; x_wconf 70' lang='lat' dir='ltr'><strong>giitige</strong></span> <span class='ocrx_word' id='word_1_231' title='bbox 1266 1583 1509 1631; x_wconf 63' lang='lat' dir='ltr'><strong>Benniihung.</strong></span> <span class='ocrx_word' id='word_1_232' title='bbox 1531 1603 1577 1608; x_wconf 91' lang='lat'><strong>--</strong></span> 
     </span>
     <span class='ocr_line' id='line_1_28' title="bbox 112 1632 1577 1679; baseline 0 -14"><span class='ocrx_word' id='word_1_233' title='bbox 112 1644 202 1677; x_wconf 77' lang='lat' dir='ltr'><strong>quae</strong></span> <span class='ocrx_word' id='word_1_234' title='bbox 227 1636 392 1677; x_wconf 77' lang='lat' dir='ltr'><strong>suscepta</strong></span> <span class='ocrx_word' id='word_1_235' title='bbox 419 1637 482 1671; x_wconf 78' lang='lat' dir='ltr'><strong>est,</strong></span> <span class='ocrx_word' id='word_1_236' title='bbox 511 1633 574 1664; x_wconf 76' lang='lat' dir='ltr'><strong>des</strong></span> <span class='ocrx_word' id='word_1_237' title='bbox 593 1632 755 1664; x_wconf 76' lang='lat' dir='ltr'><strong>chcks</strong></span> <span class='ocrx_word' id='word_1_238' title='bbox 783 1643 935 1679; x_wconf 77' lang='lat' dir='ltr'><strong>wegen.</strong></span> <span class='ocrx_word' id='word_1_239' title='bbox 966 1633 1039 1665; x_wconf 87' lang='lat' dir='ltr'><strong>den</strong></span> <span class='ocrx_word' id='word_1_240' title='bbox 1069 1632 1135 1664; x_wconf 88' lang='lat' dir='ltr'><strong>ich</strong></span> <span class='ocrx_word' id='word_1_241' title='bbox 1163 1632 1241 1664; x_wconf 79' lang='lat' dir='ltr'><strong>mir</strong></span> <span class='ocrx_word' id='word_1_242' title='bbox 1269 1632 1413 1665; x_wconf 85' lang='lat' dir='ltr'><strong>einmal</strong></span> <span class='ocrx_word' id='word_1_243' title='bbox 1441 1643 1577 1679; x_wconf 81' lang='lat' dir='ltr'><strong>vorge-</strong></span> 
     </span>
     <span class='ocr_line' id='line_1_29' title="bbox 113 1679 1578 1723; baseline 0.001 -11"><span class='ocrx_word' id='word_1_244' title='bbox 113 1686 207 1714; x_wconf 82' lang='lat' dir='ltr'><strong>setzt</strong></span> <span class='ocrx_word' id='word_1_245' title='bbox 231 1679 352 1720; x_wconf 85' lang='lat' dir='ltr'><strong>habe;</strong></span> <span class='ocrx_word' id='word_1_246' title='bbox 379 1680 498 1713; x_wconf 64' lang='lat' dir='ltr'><strong>n&#39;aeiml.</strong></span> <span class='ocrx_word' id='word_1_247' title='bbox 527 1679 594 1713; x_wconf 83' lang='lat' dir='ltr'><strong>der</strong></span> <span class='ocrx_word' id='word_1_248' title='bbox 617 1679 747 1712; x_wconf 69' lang='lat' dir='ltr'><strong>Tullia</strong></span> <span class='ocrx_word' id='word_1_249' title='bbox 776 1680 839 1712; x_wconf 85' lang='lat' dir='ltr'><strong>ein</strong></span> <span class='ocrx_word' id='word_1_250' title='bbox 867 1681 998 1712; x_wconf 78' lang='lat' dir='ltr'><strong>fanum</strong></span> <span class='ocrx_word' id='word_1_251' title='bbox 1028 1692 1076 1711; x_wconf 85' lang='lat' dir='ltr'><strong>zu</strong></span> <span class='ocrx_word' id='word_1_252' title='bbox 1103 1680 1342 1713; x_wconf 66' lang='lat' dir='ltr'><strong>erbanf‘n.-—</strong></span> <span class='ocrx_word' id='word_1_253' title='bbox 1371 1683 1473 1713; x_wconf 73' lang='lat' dir='ltr'><strong>cuius</strong></span> <span class='ocrx_word' id='word_1_254' title='bbox 1488 1679 1578 1723; x_wconf 79' lang='lat' dir='ltr'><strong>fest.</strong></span> 
     </span>
     <span class='ocr_line' id='line_1_30' title="bbox 114 1727 1577 1774; baseline 0 -13"><span class='ocrx_word' id='word_1_255' title='bbox 114 1741 161 1762; x_wconf 82' lang='lat' dir='ltr'><strong>m.</strong></span> <span class='ocrx_word' id='word_1_256' title='bbox 187 1729 309 1769; x_wconf 79' lang='lat' dir='ltr'><strong>tollis,</strong></span> <span class='ocrx_word' id='word_1_257' title='bbox 345 1728 475 1761; x_wconf 88' lang='lat' dir='ltr'><strong>dessen</strong></span> <span class='ocrx_word' id='word_1_258' title='bbox 502 1727 723 1774; x_wconf 72' lang='lat' dir='ltr'><strong>{ingstliche</strong></span> <span class='ocrx_word' id='word_1_259' title='bbox 749 1728 988 1774; x_wconf 68' lang='lat' dir='ltr'><strong>Betreibiing</strong></span> <span class='ocrx_word' id='word_1_260' title='bbox 1015 1728 1071 1760; x_wconf 77' lang='lat' dir='ltr'><strong>Du</strong></span> <span class='ocrx_word' id='word_1_261' title='bbox 1101 1729 1180 1760; x_wconf 84' lang='lat' dir='ltr'><strong>mir</strong></span> <span class='ocrx_word' id='word_1_262' title='bbox 1205 1727 1382 1774; x_wconf 72' lang='lat' dir='ltr'><strong>gehoben</strong></span> <span class='ocrx_word' id='word_1_263' title='bbox 1410 1728 1505 1762; x_wconf 84' lang='lat' dir='ltr'><strong>hast.</strong></span> <span class='ocrx_word' id='word_1_264' title='bbox 1533 1746 1577 1752; x_wconf 61' lang='lat'><strong>0-</strong></span> 
     </span>
     <span class='ocr_line' id='line_1_31' title="bbox 114 1774 1575 1822; baseline -0.001 -13"><span class='ocrx_word' id='word_1_265' title='bbox 114 1778 154 1810; x_wconf 77' lang='lat' dir='ltr'><strong>cle</strong></span> <span class='ocrx_word' id='word_1_266' title='bbox 181 1781 339 1818; x_wconf 77' lang='lat' dir='ltr'><strong>aestate,</strong></span> <span class='ocrx_word' id='word_1_267' title='bbox 376 1776 456 1809; x_wconf 83' lang='lat' dir='ltr'><strong>dass</strong></span> <span class='ocrx_word' id='word_1_268' title='bbox 490 1775 553 1808; x_wconf 82' lang='lat' dir='ltr'><strong>das</strong></span> <span class='ocrx_word' id='word_1_269' title='bbox 579 1775 708 1810; x_wconf 84' lang='lat' dir='ltr'><strong>Werk</strong></span> <span class='ocrx_word' id='word_1_270' title='bbox 741 1775 844 1808; x_wconf 80' lang='lat' dir='ltr'><strong>noch</strong></span> <span class='ocrx_word' id='word_1_271' title='bbox 879 1787 950 1809; x_wconf 87' lang='lat' dir='ltr'><strong>vor</strong></span> <span class='ocrx_word' id='word_1_272' title='bbox 974 1776 1085 1809; x_wconf 79' lang='lat' dir='ltr'><strong>,Eride</strong></span> <span class='ocrx_word' id='word_1_273' title='bbox 1112 1774 1308 1809; x_wconf 72' lang='lat' dir='ltr'><strong>Sommers</strong></span> <span class='ocrx_word' id='word_1_274' title='bbox 1342 1775 1467 1822; x_wconf 72' lang='lat' dir='ltr'><strong>fertig</strong></span> <span class='ocrx_word' id='word_1_275' title='bbox 1493 1776 1575 1808; x_wconf 78' lang='lat' dir='ltr'><strong>seir·</strong></span> 
     </span>
     <span class='ocr_line' id='line_1_32' title="bbox 114 1823 1574 1872; baseline -0.002 -15"><span class='ocrx_word' id='word_1_276' title='bbox 114 1825 219 1858; x_wconf 79' lang='lat' dir='ltr'><strong>solle.</strong></span> <span class='ocrx_word' id='word_1_277' title='bbox 270 1825 362 1872; x_wconf 77' lang='lat' dir='ltr'><strong>VgL</strong></span> <span class='ocrx_word' id='word_1_278' title='bbox 384 1835 441 1868; x_wconf 87' lang='lat' dir='ltr'><strong>ep.</strong></span> <span class='ocrx_word' id='word_1_279' title='bbox 466 1827 536 1859; x_wconf 84' lang='lat'><strong>570</strong></span> <span class='ocrx_word' id='word_1_280' title='bbox 561 1835 621 1855; x_wconf 84' lang='lat' dir='ltr'><strong>am</strong></span> <span class='ocrx_word' id='word_1_281' title='bbox 635 1823 757 1856; x_wconf 74' lang='lat' dir='ltr'><strong>Ende.</strong></span> <span class='ocrx_word' id='word_1_282' title='bbox 786 1826 868 1862; x_wconf 88' lang='lat'>571,</span> <span class='ocrx_word' id='word_1_283' title='bbox 898 1827 930 1857; x_wconf 87' lang='lat'><strong>1.</strong></span> <span class='ocrx_word' id='word_1_284' title='bbox 958 1841 1002 1847; x_wconf 90' lang='lat'><strong>——</strong></span> <span class='ocrx_word' id='word_1_285' title='bbox 1040 1823 1270 1867; x_wconf 71' lang='grc' dir='ltr'><strong>καταβίωσιν,</strong></span> <span class='ocrx_word' id='word_1_286' title='bbox 1297 1824 1343 1856; x_wconf 79' lang='lat' dir='ltr'><strong>ad</strong></span> <span class='ocrx_word' id='word_1_287' title='bbox 1371 1823 1574 1857; x_wconf 75' lang='lat' dir='ltr'><strong>decursum</strong></span> 
     </span>
     <span class='ocr_line' id='line_1_33' title="bbox 115 1869 1575 1918; baseline 0.001 -13"><span class='ocrx_word' id='word_1_288' title='bbox 115 1872 313 1915; x_wconf 80' lang='lat' dir='ltr'><strong>reliquum</strong></span> <span class='ocrx_word' id='word_1_289' title='bbox 342 1873 458 1906; x_wconf 82' lang='lat' dir='ltr'><strong>vitae.</strong></span> <span class='ocrx_word' id='word_1_290' title='bbox 511 1871 724 1905; x_wconf 78' lang='lat' dir='ltr'><strong>GRONOV.</strong></span> <span class='ocrx_word' id='word_1_291' title='bbox 778 1872 869 1918; x_wconf 83' lang='lat' dir='ltr'><strong>Vgl.</strong></span> <span class='ocrx_word' id='word_1_292' title='bbox 898 1869 1080 1917; x_wconf 48' lang='lat' dir='ltr'><strong>gy&#39;y‘tfsssqlrt</strong></span> <span class='ocrx_word' id='word_1_293' title='bbox 1108 1884 1166 1916; x_wconf 77' lang='lat' dir='ltr'><strong>ep.</strong></span> <span class='ocrx_word' id='word_1_294' title='bbox 1194 1874 1276 1911; x_wconf 58' lang='lat'><strong>572,</strong></span> <span class='ocrx_word' id='word_1_295' title='bbox 1302 1874 1337 1906; x_wconf 86' lang='lat'><strong>2.</strong></span> <span class='ocrx_word' id='word_1_296' title='bbox 1364 1873 1448 1913; x_wconf 64' lang='lat'><strong>547,</strong></span> <span class='ocrx_word' id='word_1_297' title='bbox 1473 1873 1505 1906; x_wconf 85' lang='lat'><strong>2.</strong></span> <span class='ocrx_word' id='word_1_298' title='bbox 1534 1891 1575 1896; x_wconf 97' lang='lat'>—</span> 
     </span>
     <span class='ocr_line' id='line_1_34' title="bbox 114 1919 1578 1966; baseline -0.002 -12"><span class='ocrx_word' id='word_1_299' title='bbox 114 1922 271 1961; x_wconf 76' lang='lat' dir='ltr'><strong>hortari,</strong></span> <span class='ocrx_word' id='word_1_300' title='bbox 298 1920 481 1953; x_wconf 82' lang='lat' dir='ltr'><strong>mahnen.</strong></span> <span class='ocrx_word' id='word_1_301' title='bbox 536 1932 674 1958; x_wconf 71' lang='lat' dir='ltr'><strong>remen,</strong></span> <span class='ocrx_word' id='word_1_302' title='bbox 702 1920 788 1952; x_wconf 83' lang='lat' dir='ltr'><strong>rufe</strong></span> <span class='ocrx_word' id='word_1_303' title='bbox 816 1919 921 1952; x_wconf 79' lang='lat' dir='ltr'><strong>mich</strong></span> <span class='ocrx_word' id='word_1_304' title='bbox 950 1921 1099 1952; x_wconf 79' lang='lat' dir='ltr'><strong>wieder</strong></span> <span class='ocrx_word' id='word_1_305' title='bbox 1124 1931 1194 1953; x_wconf 83' lang='lat' dir='ltr'><strong>zur</strong></span> <span class='ocrx_word' id='word_1_306' title='bbox 1219 1920 1420 1966; x_wconf 72' lang='lat' dir='ltr'><strong>ordnung.</strong></span> <span class='ocrx_word' id='word_1_307' title='bbox 1447 1938 1494 1943; x_wconf 82' lang='lat'><strong>--</strong></span> <span class='ocrx_word' id='word_1_308' title='bbox 1522 1933 1578 1952; x_wconf 79' lang='grc' dir='ltr'><strong>ςα-</strong></span> 
     </span>
     <span class='ocr_line' id='line_1_35' title="bbox 110 1966 1576 2014; baseline 0 -13"><span class='ocrx_word' id='word_1_309' title='bbox 110 1970 284 2014; x_wconf 72' lang='lat' dir='ltr'><strong>piditate,</strong></span> <span class='ocrx_word' id='word_1_310' title='bbox 311 1979 359 2000; x_wconf 82' lang='lat' dir='ltr'><strong>an</strong></span> <span class='ocrx_word' id='word_1_311' title='bbox 386 1967 511 2007; x_wconf 83' lang='lat' dir='ltr'><strong>Eiser,</strong></span> <span class='ocrx_word' id='word_1_312' title='bbox 542 1979 578 2000; x_wconf 87' lang='lat' dir='ltr'><strong>es</strong></span> <span class='ocrx_word' id='word_1_313' title='bbox 606 1980 653 2000; x_wconf 93' lang='lat' dir='ltr'><strong>zu</strong></span> <span class='ocrx_word' id='word_1_314' title='bbox 683 1966 824 2000; x_wconf 73' lang='lat' dir='ltr'><strong>Stande</strong></span> <span class='ocrx_word' id='word_1_315' title='bbox 851 1980 898 2000; x_wconf 89' lang='lat' dir='ltr'><strong>zu</strong></span> <span class='ocrx_word' id='word_1_316' title='bbox 925 1967 1105 2013; x_wconf 75' lang='lat' dir='ltr'><strong>bringeri.</strong></span> <span class='ocrx_word' id='word_1_317' title='bbox 1131 1987 1177 1992; x_wconf 88' lang='lat'><strong>—</strong></span> <span class='ocrx_word' id='word_1_318' title='bbox 1208 1981 1280 2013; x_wconf 79' lang='lat' dir='ltr'><strong>pro</strong></span> <span class='ocrx_word' id='word_1_319' title='bbox 1298 1967 1421 2013; x_wconf 74' lang='lat' dir='ltr'><strong>facte,</strong></span> <span class='ocrx_word' id='word_1_320' title='bbox 1447 1968 1512 2000; x_wconf 78' lang='lat' dir='ltr'><strong>fiir</strong></span> <span class='ocrx_word' id='word_1_321' title='bbox 1537 1979 1576 2001; x_wconf 79' lang='lat' dir='ltr'><strong>so</strong></span> 
     </span>
     <span class='ocr_line' id='line_1_36' title="bbox 113 2015 667 2064; baseline -0.002 -14"><span class='ocrx_word' id='word_1_322' title='bbox 113 2023 183 2064; x_wconf 79' lang='lat' dir='ltr'><strong>gut</strong></span> <span class='ocrx_word' id='word_1_323' title='bbox 208 2016 263 2048; x_wconf 80' lang='lat' dir='ltr'><strong>als</strong></span> <span class='ocrx_word' id='word_1_324' title='bbox 289 2016 409 2049; x_wconf 86' lang='lat' dir='ltr'><strong>sehon</strong></span> <span class='ocrx_word' id='word_1_325' title='bbox 436 2015 667 2064; x_wconf 72' lang='lat' dir='ltr'><strong>gese-heheu.</strong></span> 
     </span>
    </p>
   </div>
   <div class='ocr_carea' id='block_1_6' title="bbox 114 2074 1577 2601">
    <p class='ocr_par' dir='ltr' id='par_1_6' title="bbox 114 2074 1577 2601">
     <span class='ocr_line' id='line_1_37' title="bbox 211 2074 1573 2116; baseline 0 -6"><span class='ocrx_word' id='word_1_326' title='bbox 211 2078 245 2111; x_wconf 85' lang='lat'><strong>3.</strong></span> <span class='ocrx_word' id='word_1_327' title='bbox 296 2079 399 2114; x_wconf 81' lang='lat' dir='ltr'><strong>istis,</strong></span> <span class='ocrx_word' id='word_1_328' title='bbox 446 2074 702 2116; x_wconf 83' lang='lat' dir='ltr'><strong>Caesarianis,</strong></span> <span class='ocrx_word' id='word_1_329' title='bbox 758 2075 947 2108; x_wconf 77' lang='lat' dir='ltr'><strong>mittenda</strong></span> <span class='ocrx_word' id='word_1_330' title='bbox 992 2075 1039 2108; x_wconf 82' lang='lat' dir='ltr'><strong>sit</strong></span> <span class='ocrx_word' id='word_1_331' title='bbox 1077 2075 1123 2108; x_wconf 81' lang='lat' dir='ltr'><strong>ad</strong></span> <span class='ocrx_word' id='word_1_332' title='bbox 1162 2077 1360 2109; x_wconf 80' lang='lat' dir='ltr'><strong>Caesarem</strong></span> <span class='ocrx_word' id='word_1_333' title='bbox 1403 2088 1476 2110; x_wconf 85' lang='lat' dir='ltr'><strong>nec</strong></span> <span class='ocrx_word' id='word_1_334' title='bbox 1514 2088 1573 2110; x_wconf 81' lang='lat' dir='ltr'><strong>ne.</strong></span> 
     </span>
     <span class='ocr_line' id='line_1_38' title="bbox 114 2122 1576 2169; baseline -0.001 -10"><span class='ocrx_word' id='word_1_335' title='bbox 114 2123 300 2159; x_wconf 83' lang='lat' dir='ltr'><strong>MANUT.</strong></span> <span class='ocrx_word' id='word_1_336' title='bbox 350 2124 385 2158; x_wconf 89' lang='lat' dir='ltr'><strong>S.</strong></span> <span class='ocrx_word' id='word_1_337' title='bbox 414 2135 472 2168; x_wconf 86' lang='lat' dir='ltr'><strong>ep.</strong></span> <span class='ocrx_word' id='word_1_338' title='bbox 498 2126 590 2164; x_wconf 78' lang='lat'><strong>581,</strong></span> <span class='ocrx_word' id='word_1_339' title='bbox 617 2125 650 2158; x_wconf 86' lang='lat'><strong>2.</strong></span> <span class='ocrx_word' id='word_1_340' title='bbox 678 2122 758 2169; x_wconf 84' lang='lat' dir='ltr'><strong>vgl.</strong></span> <span class='ocrx_word' id='word_1_341' title='bbox 796 2123 870 2156; x_wconf 78' lang='lat' dir='ltr'><strong>mit</strong></span> <span class='ocrx_word' id='word_1_342' title='bbox 902 2135 960 2167; x_wconf 83' lang='lat' dir='ltr'><strong>ep.</strong></span> <span class='ocrx_word' id='word_1_343' title='bbox 988 2124 1071 2165; x_wconf 83' lang='lat'><strong>571,</strong></span> <span class='ocrx_word' id='word_1_344' title='bbox 1098 2125 1129 2157; x_wconf 88' lang='grc'><strong>2.</strong></span> <span class='ocrx_word' id='word_1_345' title='bbox 1169 2126 1250 2164; x_wconf 79' lang='lat'><strong>579,</strong></span> <span class='ocrx_word' id='word_1_346' title='bbox 1276 2125 1311 2158; x_wconf 85' lang='lat'><strong>2.</strong></span> <span class='ocrx_word' id='word_1_347' title='bbox 1349 2125 1430 2165; x_wconf 79' lang='grc'>582,</span> <span class='ocrx_word' id='word_1_348' title='bbox 1457 2127 1492 2159; x_wconf 91' lang='grc'><strong>2.</strong></span> <span class='ocrx_word' id='word_1_349' title='bbox 1530 2143 1576 2148; x_wconf 81' lang='lat'><strong>--</strong></span> 
     </span>
     <span class='ocr_line' id='line_1_39' title="bbox 116 2171 1577 2216; baseline -0.001 -10"><span class='ocrx_word' id='word_1_350' title='bbox 116 2172 255 2206; x_wconf 80' lang='lat' dir='ltr'><strong>Nicias.</strong></span> <span class='ocrx_word' id='word_1_351' title='bbox 305 2172 339 2206; x_wconf 88' lang='lat' dir='ltr'><strong>S.</strong></span> <span class='ocrx_word' id='word_1_352' title='bbox 369 2184 426 2216; x_wconf 84' lang='lat' dir='ltr'><strong>ep.</strong></span> <span class='ocrx_word' id='word_1_353' title='bbox 453 2174 534 2213; x_wconf 83' lang='lat'><strong>581,</strong></span> <span class='ocrx_word' id='word_1_354' title='bbox 563 2174 592 2205; x_wconf 89' lang='lat'><strong>1.</strong></span> <span class='ocrx_word' id='word_1_355' title='bbox 621 2173 704 2211; x_wconf 83' lang='lat'><strong>583,</strong></span> <span class='ocrx_word' id='word_1_356' title='bbox 737 2175 763 2205; x_wconf 90' lang='lat'><strong>1.</strong></span> <span class='ocrx_word' id='word_1_357' title='bbox 815 2171 871 2204; x_wconf 81' lang='lat' dir='ltr'><strong>Er</strong></span> <span class='ocrx_word' id='word_1_358' title='bbox 897 2182 981 2205; x_wconf 86' lang='lat' dir='ltr'><strong>war</strong></span> <span class='ocrx_word' id='word_1_359' title='bbox 1007 2171 1100 2204; x_wconf 80' lang='lat' dir='ltr'><strong>ietzt</strong></span> <span class='ocrx_word' id='word_1_360' title='bbox 1125 2171 1225 2204; x_wconf 77' lang='lat' dir='ltr'><strong>bcim</strong></span> <span class='ocrx_word' id='word_1_361' title='bbox 1254 2171 1403 2205; x_wconf 87' lang='lat' dir='ltr'><strong>Cicero.</strong></span> <span class='ocrx_word' id='word_1_362' title='bbox 1432 2192 1480 2197; x_wconf 87' lang='lat'><strong>-—</strong></span> <span class='ocrx_word' id='word_1_363' title='bbox 1518 2173 1577 2206; x_wconf 66' lang='lat' dir='ltr'><strong>Pc-</strong></span> 
     </span>
     <span class='ocr_line' id='line_1_40' title="bbox 115 2219 1576 2262; baseline -0.001 -8"><span class='ocrx_word' id='word_1_364' title='bbox 115 2223 298 2257; x_wconf 66' lang='lat' dir='ltr'><strong>diceneum.</strong></span> <span class='ocrx_word' id='word_1_365' title='bbox 349 2220 437 2254; x_wconf 86' lang='lat' dir='ltr'><strong>Von</strong></span> <span class='ocrx_word' id='word_1_366' title='bbox 464 2219 547 2251; x_wconf 82' lang='lat' dir='ltr'><strong>ihm</strong></span> <span class='ocrx_word' id='word_1_367' title='bbox 575 2230 658 2252; x_wconf 81' lang='lat' dir='ltr'><strong>war</strong></span> <span class='ocrx_word' id='word_1_368' title='bbox 685 2219 747 2251; x_wconf 75' lang='lat' dir='ltr'><strong>die</strong></span> <span class='ocrx_word' id='word_1_369' title='bbox 773 2219 873 2252; x_wconf 85' lang='lat' dir='ltr'><strong>Rede</strong></span> <span class='ocrx_word' id='word_1_370' title='bbox 900 2231 960 2262; x_wconf 84' lang='lat' dir='ltr'><strong>ep.</strong></span> <span class='ocrx_word' id='word_1_371' title='bbox 986 2220 1055 2253; x_wconf 76' lang='lat'><strong>580</strong></span> <span class='ocrx_word' id='word_1_372' title='bbox 1082 2232 1118 2252; x_wconf 84' lang='lat' dir='ltr'><strong>u.</strong></span> <span class='ocrx_word' id='word_1_373' title='bbox 1146 2221 1228 2256; x_wconf 78' lang='lat'><strong>581,</strong></span> <span class='ocrx_word' id='word_1_374' title='bbox 1256 2222 1288 2253; x_wconf 85' lang='lat'><strong>1.</strong></span> <span class='ocrx_word' id='word_1_375' title='bbox 1314 2236 1356 2244; x_wconf 91' lang='lat'><strong>—-</strong></span> <span class='ocrx_word' id='word_1_376' title='bbox 1393 2226 1510 2254; x_wconf 74' lang='lat' dir='ltr'><strong>totum</strong></span> <span class='ocrx_word' id='word_1_377' title='bbox 1536 2224 1576 2253; x_wconf 80' lang='lat' dir='ltr'><strong>in</strong></span> 
     </span>
     <span class='ocr_line' id='line_1_41' title="bbox 118 2266 1576 2316; baseline -0.001 -14"><span class='ocrx_word' id='word_1_378' title='bbox 118 2269 207 2303; x_wconf 77' lang='lat' dir='ltr'><strong>hunc</strong></span> <span class='ocrx_word' id='word_1_379' title='bbox 233 2270 316 2302; x_wconf 85' lang='lat' dir='ltr'><strong>scil.</strong></span> <span class='ocrx_word' id='word_1_380' title='bbox 342 2267 540 2307; x_wconf 75' lang='lat' dir='ltr'><strong>transtuli,</strong></span> <span class='ocrx_word' id='word_1_381' title='bbox 568 2267 629 2300; x_wconf 81' lang='lat' dir='ltr'><strong>die</strong></span> <span class='ocrx_word' id='word_1_382' title='bbox 646 2266 841 2314; x_wconf 78' lang='lat' dir='ltr'><strong>Achtung‚</strong></span> <span class='ocrx_word' id='word_1_383' title='bbox 871 2268 933 2300; x_wconf 87' lang='lat' dir='ltr'><strong>die</strong></span> <span class='ocrx_word' id='word_1_384' title='bbox 960 2267 1025 2299; x_wconf 86' lang='lat' dir='ltr'><strong>ich</strong></span> <span class='ocrx_word' id='word_1_385' title='bbox 1052 2269 1117 2299; x_wconf 74' lang='lat' dir='ltr'><strong>fiir·</strong></span> <span class='ocrx_word' id='word_1_386' title='bbox 1142 2268 1277 2301; x_wconf 82' lang='lat' dir='ltr'><strong>seinen</strong></span> <span class='ocrx_word' id='word_1_387' title='bbox 1298 2267 1419 2302; x_wconf 85' lang='lat' dir='ltr'><strong>Vater</strong></span> <span class='ocrx_word' id='word_1_388' title='bbox 1442 2269 1576 2316; x_wconf 67' lang='lat' dir='ltr'><strong>hegie‚</strong></span> 
     </span>
     <span class='ocr_line' id='line_1_42' title="bbox 117 2315 1573 2363; baseline -0.001 -13"><span class='ocrx_word' id='word_1_389' title='bbox 117 2317 201 2350; x_wconf 81' lang='lat' dir='ltr'><strong>hab’</strong></span> <span class='ocrx_word' id='word_1_390' title='bbox 227 2316 292 2350; x_wconf 87' lang='lat' dir='ltr'><strong>ich</strong></span> <span class='ocrx_word' id='word_1_391' title='bbox 319 2328 416 2363; x_wconf 80' lang='lat' dir='ltr'><strong>ganz</strong></span> <span class='ocrx_word' id='word_1_392' title='bbox 442 2317 510 2348; x_wconf 82' lang='lat' dir='ltr'><strong>auf</strong></span> <span class='ocrx_word' id='word_1_393' title='bbox 532 2315 604 2347; x_wconf 87' lang='lat' dir='ltr'><strong>ihu</strong></span> <span class='ocrx_word' id='word_1_394' title='bbox 639 2316 885 2362; x_wconf 76' lang='lat' dir='ltr'><strong>iibertragen.</strong></span> <span class='ocrx_word' id='word_1_395' title='bbox 917 2333 957 2339; x_wconf 74' lang='lat'>—</span> <span class='ocrx_word' id='word_1_396' title='bbox 1000 2329 1065 2360; x_wconf 74' lang='lat' dir='ltr'><strong>pet·</strong></span> <span class='ocrx_word' id='word_1_397' title='bbox 1087 2328 1142 2356; x_wconf 81' lang='lat' dir='ltr'><strong>se,</strong></span> <span class='ocrx_word' id='word_1_398' title='bbox 1179 2327 1225 2347; x_wconf 81' lang='lat' dir='ltr'><strong>an</strong></span> <span class='ocrx_word' id='word_1_399' title='bbox 1259 2315 1356 2353; x_wconf 85' lang='lat' dir='ltr'><strong>sich,</strong></span> <span class='ocrx_word' id='word_1_400' title='bbox 1390 2328 1455 2349; x_wconf 85' lang='lat' dir='ltr'><strong>um</strong></span> <span class='ocrx_word' id='word_1_401' title='bbox 1491 2317 1573 2348; x_wconf 79' lang='lat' dir='ltr'><strong>sein</strong></span> 
     </span>
     <span class='ocr_line' id='line_1_43' title="bbox 119 2363 1574 2408; baseline -0.001 -10"><span class='ocrx_word' id='word_1_402' title='bbox 119 2365 242 2398; x_wconf 78' lang='lat' dir='ltr'><strong>Selbst</strong></span> <span class='ocrx_word' id='word_1_403' title='bbox 267 2365 417 2399; x_wconf 83' lang='lat' dir='ltr'><strong>willen.</strong></span> <span class='ocrx_word' id='word_1_404' title='bbox 448 2383 488 2388; x_wconf 98' lang='lat'><strong>—</strong></span> <span class='ocrx_word' id='word_1_405' title='bbox 528 2366 591 2408; x_wconf 78' lang='lat' dir='ltr'><strong>qui</strong></span> <span class='ocrx_word' id='word_1_406' title='bbox 616 2372 662 2393; x_wconf 76' lang='grc' dir='ltr'><strong>Ξ</strong></span> <span class='ocrx_word' id='word_1_407' title='bbox 689 2364 835 2407; x_wconf 75' lang='lat' dir='ltr'><strong>quippe</strong></span> <span class='ocrx_word' id='word_1_408' title='bbox 864 2363 929 2406; x_wconf 77' lang='lat' dir='ltr'><strong>qui</strong></span> <span class='ocrx_word' id='word_1_409' title='bbox 957 2387 964 2394; x_wconf 92' lang='lat'><strong>.</strong></span> <span class='ocrx_word' id='word_1_410' title='bbox 994 2389 1001 2396; x_wconf 93' lang='lat'><strong>.</strong></span> <span class='ocrx_word' id='word_1_411' title='bbox 1029 2365 1135 2404; x_wconf 72' lang='lat' dir='ltr'><strong>velis,</strong></span> <span class='ocrx_word' id='word_1_412' title='bbox 1175 2363 1254 2396; x_wconf 85' lang='lat' dir='ltr'><strong>dass</strong></span> <span class='ocrx_word' id='word_1_413' title='bbox 1279 2363 1338 2395; x_wconf 87' lang='lat' dir='ltr'><strong>Du</strong></span> <span class='ocrx_word' id='word_1_414' title='bbox 1373 2375 1411 2397; x_wconf 84' lang='lat' dir='ltr'><strong>so</strong></span> <span class='ocrx_word' id='word_1_415' title='bbox 1444 2363 1574 2397; x_wconf 84' lang='lat' dir='ltr'><strong>vielen</strong></span> 
     </span>
     <span class='ocr_line' id='line_1_44' title="bbox 121 2411 1577 2459; baseline -0.001 -13"><span class='ocrx_word' id='word_1_416' title='bbox 121 2412 283 2446; x_wconf 74' lang='lat' dir='ltr'><strong>Antheil</strong></span> <span class='ocrx_word' id='word_1_417' title='bbox 309 2424 355 2445; x_wconf 86' lang='lat' dir='ltr'><strong>an</strong></span> <span class='ocrx_word' id='word_1_418' title='bbox 384 2423 547 2444; x_wconf 78' lang='lat' dir='ltr'><strong>unserer</strong></span> <span class='ocrx_word' id='word_1_419' title='bbox 572 2412 865 2459; x_wconf 71' lang='lat' dir='ltr'><strong>gegenseitigen</strong></span> <span class='ocrx_word' id='word_1_420' title='bbox 893 2411 1176 2445; x_wconf 71' lang='lat' dir='ltr'><strong>Freundschaft</strong></span> <span class='ocrx_word' id='word_1_421' title='bbox 1202 2411 1373 2444; x_wconf 85' lang='lat' dir='ltr'><strong>nimmst.</strong></span> <span class='ocrx_word' id='word_1_422' title='bbox 1402 2431 1448 2436; x_wconf 89' lang='lat'>—</span> <span class='ocrx_word' id='word_1_423' title='bbox 1473 2415 1507 2445; x_wconf 78' lang='lat' dir='ltr'><strong>si</strong></span> <span class='ocrx_word' id='word_1_424' title='bbox 1535 2414 1577 2446; x_wconf 80' lang='lat' dir='ltr'><strong>de</strong></span> 
     </span>
     <span class='ocr_line' id='line_1_45' title="bbox 121 2459 1576 2507; baseline -0.002 -12"><span class='ocrx_word' id='word_1_425' title='bbox 121 2462 276 2507; x_wconf 75' lang='lat' dir='ltr'><strong>epistola</strong></span> <span class='ocrx_word' id='word_1_426' title='bbox 310 2460 355 2492; x_wconf 87' lang='lat' dir='ltr'><strong>ad</strong></span> <span class='ocrx_word' id='word_1_427' title='bbox 381 2460 580 2494; x_wconf 77' lang='lat' dir='ltr'><strong>Caesarem</strong></span> <span class='ocrx_word' id='word_1_428' title='bbox 616 2464 700 2492; x_wconf 79' lang='lat' dir='ltr'><strong>cert.</strong></span> <span class='ocrx_word' id='word_1_429' title='bbox 727 2472 782 2492; x_wconf 83' lang='lat' dir='ltr'><strong>me</strong></span> <span class='ocrx_word' id='word_1_430' title='bbox 799 2459 952 2503; x_wconf 56' lang='lat' dir='ltr'><strong>fereris,</strong></span> <span class='ocrx_word' id='word_1_431' title='bbox 995 2459 1069 2492; x_wconf 84' lang='lat' dir='ltr'><strong>und</strong></span> <span class='ocrx_word' id='word_1_432' title='bbox 1103 2471 1218 2493; x_wconf 84' lang='lat' dir='ltr'><strong>wenn</strong></span> <span class='ocrx_word' id='word_1_433' title='bbox 1246 2461 1305 2494; x_wconf 88' lang='lat' dir='ltr'><strong>Du</strong></span> <span class='ocrx_word' id='word_1_434' title='bbox 1341 2459 1449 2492; x_wconf 85' lang='lat' dir='ltr'><strong>mich</strong></span> <span class='ocrx_word' id='word_1_435' title='bbox 1483 2460 1576 2494; x_wconf 72' lang='lat' dir='ltr'><strong>&#39;siber</strong></span> 
     </span>
     <span class='ocr_line' id='line_1_46' title="bbox 122 2507 1576 2556; baseline -0.001 -14"><span class='ocrx_word' id='word_1_436' title='bbox 122 2509 281 2542; x_wconf 83' lang='lat' dir='ltr'><strong>meinen</strong></span> <span class='ocrx_word' id='word_1_437' title='bbox 315 2508 423 2541; x_wconf 75' lang='lat' dir='ltr'><strong>Brief</strong></span> <span class='ocrx_word' id='word_1_438' title='bbox 459 2519 505 2540; x_wconf 79' lang='lat' dir='ltr'><strong>an</strong></span> <span class='ocrx_word' id='word_1_439' title='bbox 541 2507 676 2540; x_wconf 76' lang='lat' dir='ltr'><strong>Caesar</strong></span> <span class='ocrx_word' id='word_1_440' title='bbox 714 2518 778 2539; x_wconf 83' lang='lat' dir='ltr'><strong>aus</strong></span> <span class='ocrx_word' id='word_1_441' title='bbox 818 2508 885 2540; x_wconf 76' lang='lat' dir='ltr'><strong>der</strong></span> <span class='ocrx_word' id='word_1_442' title='bbox 919 2507 1210 2553; x_wconf 79' lang='lat' dir='ltr'><strong>Ungewissheit</strong></span> <span class='ocrx_word' id='word_1_443' title='bbox 1248 2508 1360 2540; x_wconf 62' lang='lat' dir='ltr'><strong>wirnt</strong></span> <span class='ocrx_word' id='word_1_444' title='bbox 1399 2518 1576 2556; x_wconf 82' lang='lat' dir='ltr'><strong>gezogen</strong></span> 
     </span>
     <span class='ocr_line' id='line_1_47' title="bbox 122 2554 1366 2601; baseline -0.002 -10"><span class='ocrx_word' id='word_1_445' title='bbox 122 2557 261 2591; x_wconf 80' lang='lat' dir='ltr'><strong>haben.</strong></span> <span class='ocrx_word' id='word_1_446' title='bbox 288 2574 333 2582; x_wconf 93' lang='lat'><strong>—</strong></span> <span class='ocrx_word' id='word_1_447' title='bbox 359 2556 456 2601; x_wconf 78' lang='lat' dir='ltr'><strong>quod</strong></span> <span class='ocrx_word' id='word_1_448' title='bbox 480 2580 487 2588; x_wconf 90' lang='lat'><strong>.</strong></span> <span class='ocrx_word' id='word_1_449' title='bbox 517 2579 526 2588; x_wconf 89' lang='lat'><strong>.</strong></span> <span class='ocrx_word' id='word_1_450' title='bbox 551 2557 721 2596; x_wconf 79' lang='lat' dir='ltr'><strong>scribam,</strong></span> <span class='ocrx_word' id='word_1_451' title='bbox 748 2554 851 2589; x_wconf 82' lang='lat' dir='ltr'><strong>Stoff</strong></span> <span class='ocrx_word' id='word_1_452' title='bbox 872 2567 920 2588; x_wconf 80' lang='lat' dir='ltr'><strong>an</strong></span> <span class='ocrx_word' id='word_1_453' title='bbox 948 2555 1046 2589; x_wconf 77' lang='lat' dir='ltr'><strong>Dich</strong></span> <span class='ocrx_word' id='word_1_454' title='bbox 1074 2568 1122 2589; x_wconf 87' lang='lat' dir='ltr'><strong>zu</strong></span> <span class='ocrx_word' id='word_1_455' title='bbox 1149 2554 1366 2589; x_wconf 77' lang='lat' dir='ltr'><strong>schreiben.</strong></span> 
     </span>
    </p>
   </div>
   <div class='ocr_carea' id='block_1_7' title="bbox 9 0 39 3081">
    <p class='ocr_par' dir='ltr' id='par_1_7' title="bbox 9 0 39 3081">
     <span class='ocr_line' id='line_1_48' title="bbox 9 0 39 3081; baseline 0 0"><span class='ocrx_word' id='word_1_456' title='bbox 9 0 39 3081; x_wconf 95' lang='lat' dir='ltr'><strong> </strong></span> 
     </span>
    </p>
   </div>
  </div>
 </body>
</html>
