<?xml version="1.0" encoding="UTF-8"?>
<!DOCTYPE html PUBLIC "-//W3C//DTD XHTML 1.0 Transitional//EN"
    "http://www.w3.org/TR/xhtml1/DTD/xhtml1-transitional.dtd">
<html xmlns="http://www.w3.org/1999/xhtml" xml:lang="en" lang="en">
 <head>
  <title>
</title>
<meta http-equiv="Content-Type" content="text/html;charset=utf-8" />
  <meta name='ocr-system' content='tesseract 3.04.00' />
  <meta name='ocr-capabilities' content='ocr_page ocr_carea ocr_par ocr_line ocrx_word'/>
</head>
<body>
  <div class='ocr_page' id='page_1' title='image "./epistolaeadattic03ciceuoft_0115.png"; bbox 0 0 1795 3081; ppageno 0'>
   <div class='ocr_carea' id='block_1_1' title="bbox 556 46 1603 98">
    <p class='ocr_par' dir='ltr' id='par_1_1' title="bbox 556 46 1603 98">
     <span class='ocr_line' id='line_1_1' title="bbox 556 46 1603 98; baseline 0.003 -4"><span class='ocrx_word' id='word_1_1' title='bbox 556 46 871 95; x_wconf 68' lang='lat' dir='ltr'><strong>EPISTOLA</strong></span> <span class='ocrx_word' id='word_1_2' title='bbox 909 48 1160 96; x_wconf 86' lang='lat' dir='ltr'><strong>CCCCLI.</strong></span> <span class='ocrx_word' id='word_1_3' title='bbox 1508 51 1603 98; x_wconf 87' lang='lat'><strong>105</strong></span> 
     </span>
    </p>
   </div>
   <div class='ocr_carea' id='block_1_2' title="bbox 144 167 1652 826">
    <p class='ocr_par' dir='ltr' id='par_1_2' title="bbox 144 167 1652 826">
     <span class='ocr_line' id='line_1_2' title="bbox 144 167 1610 222; baseline -0.002 -10"><span class='ocrx_word' id='word_1_4' title='bbox 144 173 360 213; x_wconf 78' lang='lat' dir='ltr'>Lentulus</span> <span class='ocrx_word' id='word_1_5' title='bbox 395 177 509 219; x_wconf 86' lang='lat' dir='ltr'><strong>tuus,</strong></span> <span class='ocrx_word' id='word_1_6' title='bbox 552 167 718 220; x_wconf 85' lang='lat' dir='ltr'><strong>Scipio,</strong></span> <span class='ocrx_word' id='word_1_7' title='bbox 759 167 968 206; x_wconf 88' lang='lat' dir='ltr'><strong>Afranius</strong></span> <span class='ocrx_word' id='word_1_8' title='bbox 1006 168 1134 209; x_wconf 84' lang='lat' dir='ltr'><strong>foede</strong></span> <span class='ocrx_word' id='word_1_9' title='bbox 1173 170 1413 222; x_wconf 85' lang='lat' dir='ltr'><strong>perierunt.</strong></span> <span class='ocrx_word' id='word_1_10' title='bbox 1452 192 1507 198; x_wconf 93' lang='lat'><strong>—-</strong></span> <span class='ocrx_word' id='word_1_11' title='bbox 1550 171 1610 209; x_wconf 86' lang='lat' dir='ltr'><strong>At</strong></span> 
     </span>
     <span class='ocr_line' id='line_1_3' title="bbox 147 222 1607 280; baseline -0.003 -12"><span class='ocrx_word' id='word_1_12' title='bbox 147 228 254 268; x_wconf 86' lang='lat' dir='ltr'><strong>Cato</strong></span> <span class='ocrx_word' id='word_1_13' title='bbox 286 226 526 280; x_wconf 86' lang='lat' dir='ltr'><strong>praeclare.</strong></span> <span class='ocrx_word' id='word_1_14' title='bbox 563 245 617 251; x_wconf 93' lang='lat'><strong>——</strong></span> <span class='ocrx_word' id='word_1_15' title='bbox 654 222 745 260; x_wconf 82' lang='lat' dir='ltr'><strong>Iam</strong></span> <span class='ocrx_word' id='word_1_16' title='bbox 780 224 894 261; x_wconf 83' lang='lat' dir='ltr'><strong>istuc</strong></span> <span class='ocrx_word' id='word_1_17' title='bbox 924 222 1116 275; x_wconf 80' lang='lat' dir='ltr'><strong>quidem,</strong></span> <span class='ocrx_word' id='word_1_18' title='bbox 1147 238 1279 276; x_wconf 86' lang='lat' dir='ltr'><strong>quum</strong></span> <span class='ocrx_word' id='word_1_19' title='bbox 1308 226 1522 276; x_wconf 80' lang='lat' dir='ltr'><strong>volemus,</strong></span> <span class='ocrx_word' id='word_1_20' title='bbox 1554 227 1607 264; x_wconf 93' lang='lat' dir='ltr'><strong>li-</strong></span> 
     </span>
     <span class='ocr_line' id='line_1_4' title="bbox 150 277 1608 330; baseline -0.002 -8"><span class='ocrx_word' id='word_1_21' title='bbox 150 284 291 323; x_wconf 88' lang='lat' dir='ltr'><strong>cebit:</strong></span> <span class='ocrx_word' id='word_1_22' title='bbox 331 281 481 320; x_wconf 84' lang='lat' dir='ltr'><strong>demus</strong></span> <span class='ocrx_word' id='word_1_23' title='bbox 519 277 649 316; x_wconf 90' lang='lat' dir='ltr'><strong>modo</strong></span> <span class='ocrx_word' id='word_1_24' title='bbox 689 290 883 330; x_wconf 80' lang='lat' dir='ltr'>operam,</span> <span class='ocrx_word' id='word_1_25' title='bbox 927 291 982 317; x_wconf 90' lang='lat' dir='ltr'><strong>ne</strong></span> <span class='ocrx_word' id='word_1_26' title='bbox 1019 284 1107 317; x_wconf 84' lang='lat' dir='ltr'><strong>tam</strong></span> <span class='ocrx_word' id='word_1_27' title='bbox 1152 293 1325 319; x_wconf 84' lang='lat' dir='ltr'><strong>necesse</strong></span> <span class='ocrx_word' id='word_1_28' title='bbox 1363 281 1490 320; x_wconf 88' lang='lat' dir='ltr'><strong>nobis</strong></span> <span class='ocrx_word' id='word_1_29' title='bbox 1534 282 1608 330; x_wconf 84' lang='lat' dir='ltr'><strong>sit,</strong></span> 
     </span>
     <span class='ocr_line' id='line_1_5' title="bbox 150 332 1652 391; baseline -0.001 -15"><span class='ocrx_word' id='word_1_30' title='bbox 150 351 279 391; x_wconf 80' lang='lat' dir='ltr'><strong>quain</strong></span> <span class='ocrx_word' id='word_1_31' title='bbox 310 337 380 375; x_wconf 85' lang='lat' dir='ltr'><strong>illi</strong></span> <span class='ocrx_word' id='word_1_32' title='bbox 410 336 519 381; x_wconf 76' lang='lat' dir='ltr'><strong>fuit3</strong></span> <span class='ocrx_word' id='word_1_33' title='bbox 549 332 595 372; x_wconf 86' lang='lat' dir='ltr'><strong>id</strong></span> <span class='ocrx_word' id='word_1_34' title='bbox 626 332 743 385; x_wconf 85' lang='lat' dir='ltr'><strong>quod</strong></span> <span class='ocrx_word' id='word_1_35' title='bbox 773 334 963 388; x_wconf 77' lang='lat' dir='ltr'>agimus:</span> <span class='ocrx_word' id='word_1_36' title='bbox 1004 346 1110 388; x_wconf 85' lang='lat' dir='ltr'><strong>ergo</strong></span> <span class='ocrx_word' id='word_1_37' title='bbox 1151 334 1234 373; x_wconf 91' lang='lat' dir='ltr'><strong>hoc</strong></span> <span class='ocrx_word' id='word_1_38' title='bbox 1265 336 1470 387; x_wconf 90' lang='lat' dir='ltr'><strong>primum.</strong></span> <span class='ocrx_word' id='word_1_39' title='bbox 1530 334 1652 376; x_wconf 83' lang='lat' dir='ltr'><strong>Se-3</strong></span> 
     </span>
     <span class='ocr_line' id='line_1_6' title="bbox 151 388 1615 446; baseline -0.002 -14"><span class='ocrx_word' id='word_1_40' title='bbox 151 394 303 446; x_wconf 89' lang='lat' dir='ltr'><strong>quitur</strong></span> <span class='ocrx_word' id='word_1_41' title='bbox 332 388 465 429; x_wconf 90' lang='lat' dir='ltr'><strong>illud:</strong></span> <span class='ocrx_word' id='word_1_42' title='bbox 505 390 597 441; x_wconf 89' lang='lat' dir='ltr'><strong>ipse</strong></span> <span class='ocrx_word' id='word_1_43' title='bbox 626 388 786 427; x_wconf 88' lang='lat' dir='ltr'><strong>melior</strong></span> <span class='ocrx_word' id='word_1_44' title='bbox 814 389 896 435; x_wconf 77' lang='lat' dir='ltr'><strong>fi03</strong></span> <span class='ocrx_word' id='word_1_45' title='bbox 943 389 1138 440; x_wconf 90' lang='lat' dir='ltr'><strong>primum</strong></span> <span class='ocrx_word' id='word_1_46' title='bbox 1167 389 1435 440; x_wconf 66' lang='lat' dir='ltr'><strong>valetudine,</strong></span> <span class='ocrx_word' id='word_1_47' title='bbox 1480 404 1615 442; x_wconf 83' lang='lat' dir='ltr'><strong>quam</strong></span> 
     </span>
     <span class='ocr_line' id='line_1_7' title="bbox 152 442 1614 498; baseline -0.002 -11"><span class='ocrx_word' id='word_1_48' title='bbox 152 447 413 487; x_wconf 82' lang='lat' dir='ltr'><strong>intermissis</strong></span> <span class='ocrx_word' id='word_1_49' title='bbox 455 442 846 484; x_wconf 80' lang='lat' dir='ltr'><strong>exercitationibus</strong></span> <span class='ocrx_word' id='word_1_50' title='bbox 885 443 1143 491; x_wconf 78' lang='lat' dir='ltr'><strong>amiseram3</strong></span> <span class='ocrx_word' id='word_1_51' title='bbox 1189 443 1345 484; x_wconf 89' lang='lat' dir='ltr'><strong>deinde</strong></span> <span class='ocrx_word' id='word_1_52' title='bbox 1386 447 1479 498; x_wconf 87' lang='lat' dir='ltr'><strong>ipsa</strong></span> <span class='ocrx_word' id='word_1_53' title='bbox 1515 446 1614 495; x_wconf 81' lang='lat' dir='ltr'><strong>illa,</strong></span> 
     </span>
     <span class='ocr_line' id='line_1_8' title="bbox 155 498 1616 554; baseline -0.001 -13"><span class='ocrx_word' id='word_1_54' title='bbox 155 505 191 541; x_wconf 88' lang='lat' dir='ltr'><strong>si</strong></span> <span class='ocrx_word' id='word_1_55' title='bbox 235 515 319 554; x_wconf 89' lang='lat' dir='ltr'><strong>qua</strong></span> <span class='ocrx_word' id='word_1_56' title='bbox 362 501 446 538; x_wconf 82' lang='lat' dir='ltr'><strong>fuit</strong></span> <span class='ocrx_word' id='word_1_57' title='bbox 483 500 529 536; x_wconf 87' lang='lat' dir='ltr'><strong>in</strong></span> <span class='ocrx_word' id='word_1_58' title='bbox 566 511 649 547; x_wconf 84' lang='lat' dir='ltr'><strong>me,</strong></span> <span class='ocrx_word' id='word_1_59' title='bbox 692 498 878 536; x_wconf 80' lang='lat' dir='ltr'><strong>facultas</strong></span> <span class='ocrx_word' id='word_1_60' title='bbox 915 499 1146 547; x_wconf 79' lang='lat' dir='ltr'><strong>orationis,</strong></span> <span class='ocrx_word' id='word_1_61' title='bbox 1203 499 1290 537; x_wconf 86' lang='lat' dir='ltr'><strong>nisi</strong></span> <span class='ocrx_word' id='word_1_62' title='bbox 1329 513 1396 539; x_wconf 91' lang='lat' dir='ltr'><strong>me</strong></span> <span class='ocrx_word' id='word_1_63' title='bbox 1438 500 1493 539; x_wconf 85' lang='lat' dir='ltr'><strong>ad</strong></span> <span class='ocrx_word' id='word_1_64' title='bbox 1535 500 1616 539; x_wconf 85' lang='lat' dir='ltr'><strong>has</strong></span> 
     </span>
     <span class='ocr_line' id='line_1_9' title="bbox 156 553 1615 602; baseline -0.002 -5"><span class='ocrx_word' id='word_1_65' title='bbox 156 556 492 597; x_wconf 75' lang='lat' dir='ltr'><strong>exercitationes</strong></span> <span class='ocrx_word' id='word_1_66' title='bbox 522 553 785 602; x_wconf 79' lang='lat' dir='ltr'><strong>retulissem,</strong></span> <span class='ocrx_word' id='word_1_67' title='bbox 816 554 1069 592; x_wconf 77' lang='lat' dir='ltr'><strong>exaruisset.</strong></span> <span class='ocrx_word' id='word_1_68' title='bbox 1126 554 1379 593; x_wconf 73' lang='lat' dir='ltr'><strong>Extremum</strong></span> <span class='ocrx_word' id='word_1_69' title='bbox 1396 554 1510 594; x_wconf 91' lang='lat' dir='ltr'><strong>illud</strong></span> <span class='ocrx_word' id='word_1_70' title='bbox 1529 561 1615 594; x_wconf 86' lang='lat' dir='ltr'><strong>est:</strong></span> 
     </span>
     <span class='ocr_line' id='line_1_10' title="bbox 158 609 1616 665; baseline -0.001 -15"><span class='ocrx_word' id='word_1_71' title='bbox 158 611 274 665; x_wconf 86' lang='lat' dir='ltr'><strong>quod</strong></span> <span class='ocrx_word' id='word_1_72' title='bbox 316 617 366 649; x_wconf 87' lang='lat' dir='ltr'><strong>tu</strong></span> <span class='ocrx_word' id='word_1_73' title='bbox 408 610 553 648; x_wconf 87' lang='lat' dir='ltr'><strong>nescio</strong></span> <span class='ocrx_word' id='word_1_74' title='bbox 594 621 648 646; x_wconf 90' lang='lat' dir='ltr'><strong>an</strong></span> <span class='ocrx_word' id='word_1_75' title='bbox 692 609 885 660; x_wconf 82' lang='lat' dir='ltr'><strong>primum</strong></span> <span class='ocrx_word' id='word_1_76' title='bbox 924 613 1075 660; x_wconf 88' lang='lat' dir='ltr'><strong>putes:</strong></span> <span class='ocrx_word' id='word_1_77' title='bbox 1119 609 1268 661; x_wconf 88' lang='lat' dir='ltr'><strong>plures</strong></span> <span class='ocrx_word' id='word_1_78' title='bbox 1307 610 1393 648; x_wconf 75' lang='lat' dir='ltr'><strong>iani</strong></span> <span class='ocrx_word' id='word_1_79' title='bbox 1424 622 1616 663; x_wconf 82' lang='lat' dir='ltr'><strong>pavones</strong></span> 
     </span>
     <span class='ocr_line' id='line_1_11' title="bbox 158 663 1616 716; baseline -0.001 -10"><span class='ocrx_word' id='word_1_80' title='bbox 158 667 341 713; x_wconf 83' lang='lat' dir='ltr'><strong>confeci,</strong></span> <span class='ocrx_word' id='word_1_81' title='bbox 372 677 500 716; x_wconf 89' lang='lat' dir='ltr'><strong>quam</strong></span> <span class='ocrx_word' id='word_1_82' title='bbox 530 669 579 702; x_wconf 84' lang='lat' dir='ltr'><strong>tu</strong></span> <span class='ocrx_word' id='word_1_83' title='bbox 608 663 753 715; x_wconf 86' lang='lat' dir='ltr'><strong>pullos</strong></span> <span class='ocrx_word' id='word_1_84' title='bbox 792 663 1080 702; x_wconf 88' lang='lat' dir='ltr'><strong>columbinos.</strong></span> <span class='ocrx_word' id='word_1_85' title='bbox 1140 664 1209 702; x_wconf 89' lang='lat' dir='ltr'><strong>Tu</strong></span> <span class='ocrx_word' id='word_1_86' title='bbox 1250 665 1352 703; x_wconf 87' lang='lat' dir='ltr'><strong>istic</strong></span> <span class='ocrx_word' id='word_1_87' title='bbox 1395 671 1438 704; x_wconf 84' lang='lat' dir='ltr'><strong>te</strong></span> <span class='ocrx_word' id='word_1_88' title='bbox 1478 666 1616 704; x_wconf 88' lang='lat' dir='ltr'><strong>Hate-</strong></span> 
     </span>
     <span class='ocr_line' id='line_1_12' title="bbox 158 717 1615 775; baseline -0.001 -15"><span class='ocrx_word' id='word_1_89' title='bbox 158 724 283 761; x_wconf 82' lang='lat' dir='ltr'><strong>riano</strong></span> <span class='ocrx_word' id='word_1_90' title='bbox 315 722 413 758; x_wconf 91' lang='lat' dir='ltr'><strong>iure</strong></span> <span class='ocrx_word' id='word_1_91' title='bbox 444 718 663 765; x_wconf 79' lang='lat' dir='ltr'><strong>delectas3</strong></span> <span class='ocrx_word' id='word_1_92' title='bbox 709 729 788 772; x_wconf 85' lang='lat' dir='ltr'><strong>ego</strong></span> <span class='ocrx_word' id='word_1_93' title='bbox 818 730 887 756; x_wconf 90' lang='lat' dir='ltr'><strong>me</strong></span> <span class='ocrx_word' id='word_1_94' title='bbox 924 717 997 756; x_wconf 85' lang='lat' dir='ltr'><strong>hic</strong></span> <span class='ocrx_word' id='word_1_95' title='bbox 1026 718 1254 757; x_wconf 76' lang='lat' dir='ltr'><strong>Hirtiano.</strong></span> <span class='ocrx_word' id='word_1_96' title='bbox 1313 718 1431 758; x_wconf 89' lang='lat' dir='ltr'><strong>Veni</strong></span> <span class='ocrx_word' id='word_1_97' title='bbox 1460 721 1615 775; x_wconf 84' lang='lat' dir='ltr'><strong>igitur,</strong></span> 
     </span>
     <span class='ocr_line' id='line_1_13' title="bbox 159 770 1620 826; baseline -0.002 -11"><span class='ocrx_word' id='word_1_98' title='bbox 159 779 195 815; x_wconf 92' lang='lat' dir='ltr'><strong>si</strong></span> <span class='ocrx_word' id='word_1_99' title='bbox 224 777 296 815; x_wconf 73' lang='lat' dir='ltr'><strong>vir</strong></span> <span class='ocrx_word' id='word_1_100' title='bbox 325 788 384 823; x_wconf 74' lang='grc' dir='ltr'><strong>οε,</strong></span> <span class='ocrx_word' id='word_1_101' title='bbox 428 780 471 813; x_wconf 89' lang='lat' dir='ltr'><strong>et</strong></span> <span class='ocrx_word' id='word_1_102' title='bbox 501 772 618 812; x_wconf 88' lang='lat' dir='ltr'><strong>disce</strong></span> <span class='ocrx_word' id='word_1_103' title='bbox 648 785 673 811; x_wconf 90' lang='lat' dir='ltr'><strong>a</strong></span> <span class='ocrx_word' id='word_1_104' title='bbox 702 785 771 811; x_wconf 77' lang='lat' dir='ltr'><strong>ine</strong></span> <span class='ocrx_word' id='word_1_105' title='bbox 799 770 1138 826; x_wconf 75' lang='grc' dir='ltr'><em>προλεγομένας,</em></span> <span class='ocrx_word' id='word_1_106' title='bbox 1169 787 1274 826; x_wconf 88' lang='lat' dir='ltr'><strong>quas</strong></span> <span class='ocrx_word' id='word_1_107' title='bbox 1304 775 1504 826; x_wconf 86' lang='lat' dir='ltr'><strong>quaeris:</strong></span> <span class='ocrx_word' id='word_1_108' title='bbox 1535 775 1620 814; x_wconf 87' lang='lat' dir='ltr'><strong>etsi</strong></span> 
     </span>
    </p>
   </div>
   <div class='ocr_carea' id='block_1_3' title="bbox 162 909 1634 1572">
    <p class='ocr_par' dir='ltr' id='par_1_3' title="bbox 162 909 1634 1572">
     <span class='ocr_line' id='line_1_14' title="bbox 162 909 1624 958; baseline 0 -11"><span class='ocrx_word' id='word_1_109' title='bbox 162 914 251 947; x_wconf 87' lang='lat' dir='ltr'><strong>aber</strong></span> <span class='ocrx_word' id='word_1_110' title='bbox 277 912 372 945; x_wconf 84' lang='lat' dir='ltr'><strong>dazu</strong></span> <span class='ocrx_word' id='word_1_111' title='bbox 398 912 446 945; x_wconf 86' lang='lat' dir='ltr'><strong>ist</strong></span> <span class='ocrx_word' id='word_1_112' title='bbox 473 923 509 944; x_wconf 90' lang='lat' dir='ltr'><strong>es</strong></span> <span class='ocrx_word' id='word_1_113' title='bbox 537 909 644 943; x_wconf 81' lang='lat' dir='ltr'><strong>nieht</strong></span> <span class='ocrx_word' id='word_1_114' title='bbox 670 911 914 958; x_wconf 78' lang='lat' dir='ltr'><strong>gekommen.</strong></span> <span class='ocrx_word' id='word_1_115' title='bbox 943 929 990 935; x_wconf 91' lang='lat'><strong>—-</strong></span> <span class='ocrx_word' id='word_1_116' title='bbox 1015 913 1052 944; x_wconf 84' lang='lat' dir='ltr'><strong>in</strong></span> <span class='ocrx_word' id='word_1_117' title='bbox 1079 914 1156 944; x_wconf 78' lang='lat' dir='ltr'><strong>acie</strong></span> <span class='ocrx_word' id='word_1_118' title='bbox 1183 912 1206 945; x_wconf 87' lang='lat' dir='ltr'><strong>i.</strong></span> <span class='ocrx_word' id='word_1_119' title='bbox 1236 923 1264 948; x_wconf 84' lang='lat' dir='ltr'><strong>e.</strong></span> <span class='ocrx_word' id='word_1_120' title='bbox 1292 914 1441 957; x_wconf 86' lang='lat' dir='ltr'><strong>proelio</strong></span> <span class='ocrx_word' id='word_1_121' title='bbox 1465 914 1624 947; x_wconf 85' lang='lat' dir='ltr'><strong>Pharsa-</strong></span> 
     </span>
     <span class='ocr_line' id='line_1_15' title="bbox 163 959 1623 1006; baseline 0 -12"><span class='ocrx_word' id='word_1_122' title='bbox 163 963 240 994; x_wconf 87' lang='lat' dir='ltr'><strong>lico</strong></span> <span class='ocrx_word' id='word_1_123' title='bbox 265 971 341 993; x_wconf 86' lang='lat' dir='ltr'><strong>non</strong></span> <span class='ocrx_word' id='word_1_124' title='bbox 374 959 489 999; x_wconf 83' lang='lat' dir='ltr'><strong>adfui,</strong></span> <span class='ocrx_word' id='word_1_125' title='bbox 529 970 646 1002; x_wconf 74' lang='lat' dir='ltr'><strong>quum</strong></span> <span class='ocrx_word' id='word_1_126' title='bbox 674 970 788 1006; x_wconf 84' lang='lat' dir='ltr'><strong>aeger</strong></span> <span class='ocrx_word' id='word_1_127' title='bbox 815 970 944 992; x_wconf 87' lang='lat' dir='ltr'><strong>essem.</strong></span> <span class='ocrx_word' id='word_1_128' title='bbox 978 977 1025 983; x_wconf 90' lang='lat'><strong>—-</strong></span> <span class='ocrx_word' id='word_1_129' title='bbox 1050 960 1234 994; x_wconf 77' lang='lat' dir='ltr'><strong>Lentulus.</strong></span> <span class='ocrx_word' id='word_1_130' title='bbox 1262 960 1402 994; x_wconf 88' lang='lat' dir='ltr'><strong>Lucius</strong></span> <span class='ocrx_word' id='word_1_131' title='bbox 1433 962 1623 996; x_wconf 79' lang='lat' dir='ltr'><strong>Lentulus</strong></span> 
     </span>
     <span class='ocr_line' id='line_1_16' title="bbox 165 1006 1623 1059; baseline 0.001 -19"><span class='ocrx_word' id='word_1_132' title='bbox 165 1010 274 1047; x_wconf 82' lang='lat' dir='ltr'><strong>Crus,</strong></span> <span class='ocrx_word' id='word_1_133' title='bbox 302 1008 367 1052; x_wconf 81' lang='lat' dir='ltr'><strong>qui</strong></span> <span class='ocrx_word' id='word_1_134' title='bbox 394 1006 526 1040; x_wconf 87' lang='lat' dir='ltr'><strong>consul</strong></span> <span class='ocrx_word' id='word_1_135' title='bbox 552 1007 624 1039; x_wconf 89' lang='lat' dir='ltr'><strong>fuit</strong></span> <span class='ocrx_word' id='word_1_136' title='bbox 649 1018 748 1039; x_wconf 80' lang='lat' dir='ltr'><strong>anno</strong></span> <span class='ocrx_word' id='word_1_137' title='bbox 774 1007 900 1050; x_wconf 86' lang='lat' dir='ltr'><strong>primo</strong></span> <span class='ocrx_word' id='word_1_138' title='bbox 927 1006 1021 1039; x_wconf 81' lang='lat' dir='ltr'><strong>belli</strong></span> <span class='ocrx_word' id='word_1_139' title='bbox 1048 1007 1187 1046; x_wconf 81' lang='lat' dir='ltr'><strong>civilis,</strong></span> <span class='ocrx_word' id='word_1_140' title='bbox 1214 1008 1419 1042; x_wconf 79' lang='lat' dir='ltr'><strong>Ptolemaei</strong></span> <span class='ocrx_word' id='word_1_141' title='bbox 1439 1009 1623 1059; x_wconf 58' lang='lat' dir='ltr'><strong>Aegyptii</strong></span> 
     </span>
     <span class='ocr_line' id='line_1_17' title="bbox 164 1051 1626 1105; baseline 0 -16"><span class='ocrx_word' id='word_1_142' title='bbox 164 1058 266 1105; x_wconf 78' lang='lat' dir='ltr'><strong>regis</strong></span> <span class='ocrx_word' id='word_1_143' title='bbox 292 1057 406 1096; x_wconf 76' lang='lat' dir='ltr'><strong>iussu,</strong></span> <span class='ocrx_word' id='word_1_144' title='bbox 442 1059 483 1087; x_wconf 85' lang='lat' dir='ltr'><strong>ut</strong></span> <span class='ocrx_word' id='word_1_145' title='bbox 509 1054 718 1098; x_wconf 83' lang='lat' dir='ltr'><strong>Pompeius,</strong></span> <span class='ocrx_word' id='word_1_146' title='bbox 747 1053 874 1087; x_wconf 87' lang='lat' dir='ltr'><strong>sedin</strong></span> <span class='ocrx_word' id='word_1_147' title='bbox 909 1054 1076 1088; x_wconf 78' lang='lat' dir='ltr'><strong>custodia</strong></span> <span class='ocrx_word' id='word_1_148' title='bbox 1109 1060 1275 1089; x_wconf 74' lang='lat' dir='ltr'><strong>necatus.</strong></span> <span class='ocrx_word' id='word_1_149' title='bbox 1311 1051 1505 1091; x_wconf 60' lang='lat' dir='ltr'><strong><em>MANUTJ</em></strong></span> <span class='ocrx_word' id='word_1_150' title='bbox 1537 1056 1626 1090; x_wconf 80' lang='lat' dir='ltr'><strong>Vid.</strong></span> 
     </span>
     <span class='ocr_line' id='line_1_18' title="bbox 164 1102 1629 1146; baseline -0.002 -7"><span class='ocrx_word' id='word_1_151' title='bbox 164 1107 263 1146; x_wconf 82' lang='lat' dir='ltr'><strong>Caes.</strong></span> <span class='ocrx_word' id='word_1_152' title='bbox 293 1104 337 1137; x_wconf 84' lang='lat' dir='ltr'><strong>‹le</strong></span> <span class='ocrx_word' id='word_1_153' title='bbox 365 1103 404 1136; x_wconf 88' lang='lat' dir='ltr'><strong>B.</strong></span> <span class='ocrx_word' id='word_1_154' title='bbox 432 1102 510 1135; x_wconf 87' lang='lat' dir='ltr'><strong>Civ.</strong></span> <span class='ocrx_word' id='word_1_155' title='bbox 540 1103 606 1135; x_wconf 86' lang='lat' dir='ltr'><strong>III.</strong></span> <span class='ocrx_word' id='word_1_156' title='bbox 636 1105 714 1136; x_wconf 60' lang='lat'><strong>102.</strong></span> <span class='ocrx_word' id='word_1_157' title='bbox 752 1121 798 1125; x_wconf 90' lang='lat'>—</span> <span class='ocrx_word' id='word_1_158' title='bbox 846 1103 982 1145; x_wconf 76' lang='lat' dir='ltr'><strong>ScipiO,</strong></span> <span class='ocrx_word' id='word_1_159' title='bbox 1020 1102 1193 1146; x_wconf 84' lang='lat' dir='ltr'><strong>Pompeii</strong></span> <span class='ocrx_word' id='word_1_160' title='bbox 1220 1114 1338 1137; x_wconf 80' lang='lat' dir='ltr'><strong>socer.</strong></span> <span class='ocrx_word' id='word_1_161' title='bbox 1384 1106 1466 1138; x_wconf 83' lang='lat' dir='ltr'><strong>Von</strong></span> <span class='ocrx_word' id='word_1_162' title='bbox 1494 1105 1629 1138; x_wconf 78' lang='lat' dir='ltr'><strong>‹lessen</strong></span> 
     </span>
     <span class='ocr_line' id='line_1_19' title="bbox 166 1148 1627 1192; baseline -0.001 -6"><span class='ocrx_word' id='word_1_163' title='bbox 166 1153 269 1186; x_wconf 86' lang='lat' dir='ltr'><strong>Tode</strong></span> <span class='ocrx_word' id='word_1_164' title='bbox 296 1151 384 1184; x_wconf 85' lang='lat' dir='ltr'><strong>aber</strong></span> <span class='ocrx_word' id='word_1_165' title='bbox 411 1150 561 1183; x_wconf 84' lang='lat' dir='ltr'><strong>scheint</strong></span> <span class='ocrx_word' id='word_1_166' title='bbox 587 1149 724 1184; x_wconf 83' lang='lat' dir='ltr'><strong>Cicero</strong></span> <span class='ocrx_word' id='word_1_167' title='bbox 752 1148 872 1182; x_wconf 82' lang='lat' dir='ltr'><strong>falsch</strong></span> <span class='ocrx_word' id='word_1_168' title='bbox 898 1148 1086 1183; x_wconf 84' lang='lat' dir='ltr'><strong>berichtet</strong></span> <span class='ocrx_word' id='word_1_169' title='bbox 1112 1162 1159 1182; x_wconf 88' lang='lat' dir='ltr'><strong>zu</strong></span> <span class='ocrx_word' id='word_1_170' title='bbox 1186 1151 1288 1192; x_wconf 75' lang='lat' dir='ltr'><strong>sein3</strong></span> <span class='ocrx_word' id='word_1_171' title='bbox 1326 1151 1427 1185; x_wconf 89' lang='lat' dir='ltr'><strong>denn</strong></span> <span class='ocrx_word' id='word_1_172' title='bbox 1456 1164 1498 1186; x_wconf 85' lang='lat' dir='ltr'><strong>er</strong></span> <span class='ocrx_word' id='word_1_173' title='bbox 1523 1152 1627 1185; x_wconf 80' lang='lat' dir='ltr'><strong>starb</strong></span> 
     </span>
     <span class='ocr_line' id='line_1_20' title="bbox 168 1196 1628 1244; baseline -0.001 -11"><span class='ocrx_word' id='word_1_174' title='bbox 168 1201 236 1233; x_wconf 86' lang='lat' dir='ltr'><strong>mit</strong></span> <span class='ocrx_word' id='word_1_175' title='bbox 262 1200 335 1232; x_wconf 83' lang='lat' dir='ltr'><strong>(len</strong></span> <span class='ocrx_word' id='word_1_176' title='bbox 361 1198 518 1232; x_wconf 53' lang='lat' dir='ltr'><strong>WVaffen</strong></span> <span class='ocrx_word' id='word_1_177' title='bbox 554 1197 595 1229; x_wconf 86' lang='lat' dir='ltr'><strong>in</strong></span> <span class='ocrx_word' id='word_1_178' title='bbox 633 1197 701 1230; x_wconf 85' lang='lat' dir='ltr'><strong>der</strong></span> <span class='ocrx_word' id='word_1_179' title='bbox 728 1197 847 1230; x_wconf 85' lang='lat' dir='ltr'><strong>Hand.</strong></span> <span class='ocrx_word' id='word_1_180' title='bbox 886 1196 923 1231; x_wconf 89' lang='lat' dir='ltr'><strong>S.</strong></span> <span class='ocrx_word' id='word_1_181' title='bbox 952 1197 997 1230; x_wconf 84' lang='lat' dir='ltr'><strong>(le</strong></span> <span class='ocrx_word' id='word_1_182' title='bbox 1023 1197 1118 1233; x_wconf 80' lang='lat' dir='ltr'><strong>Bell.</strong></span> <span class='ocrx_word' id='word_1_183' title='bbox 1147 1198 1228 1232; x_wconf 80' lang='lat' dir='ltr'><strong>Afr.</strong></span> <span class='ocrx_word' id='word_1_184' title='bbox 1257 1210 1286 1232; x_wconf 90' lang='lat' dir='ltr'><strong>c.</strong></span> <span class='ocrx_word' id='word_1_185' title='bbox 1313 1202 1370 1234; x_wconf 77' lang='lat'><strong>96.</strong></span> <span class='ocrx_word' id='word_1_186' title='bbox 1411 1201 1494 1232; x_wconf 82' lang='lat' dir='ltr'><strong>Liv.</strong></span> <span class='ocrx_word' id='word_1_187' title='bbox 1521 1200 1628 1244; x_wconf 78' lang='lat' dir='ltr'><strong>Epit.</strong></span> 
     </span>
     <span class='ocr_line' id='line_1_21' title="bbox 169 1245 1630 1295; baseline -0.002 -14"><span class='ocrx_word' id='word_1_188' title='bbox 169 1249 256 1281; x_wconf 89' lang='lat' dir='ltr'><strong>libr.</strong></span> <span class='ocrx_word' id='word_1_189' title='bbox 291 1246 389 1279; x_wconf 84' lang='lat' dir='ltr'><strong>XIV.</strong></span> <span class='ocrx_word' id='word_1_190' title='bbox 426 1245 496 1278; x_wconf 84' lang='lat' dir='ltr'><strong>Dio</strong></span> <span class='ocrx_word' id='word_1_191' title='bbox 530 1245 634 1278; x_wconf 83' lang='lat' dir='ltr'><strong>Libr.</strong></span> <span class='ocrx_word' id='word_1_192' title='bbox 671 1245 803 1278; x_wconf 79' lang='lat' dir='ltr'><strong>XLIII.</strong></span> <span class='ocrx_word' id='word_1_193' title='bbox 862 1245 904 1278; x_wconf 75' lang='lat'><strong>1..</strong></span> <span class='ocrx_word' id='word_1_194' title='bbox 939 1245 1125 1279; x_wconf 76' lang='lat' dir='ltr'><strong>Afranius</strong></span> <span class='ocrx_word' id='word_1_195' title='bbox 1165 1246 1299 1280; x_wconf 85' lang='lat' dir='ltr'><strong>wurde</strong></span> <span class='ocrx_word' id='word_1_196' title='bbox 1348 1247 1518 1295; x_wconf 76' lang='lat' dir='ltr'><strong>‹lag-egen</strong></span> <span class='ocrx_word' id='word_1_197' title='bbox 1555 1247 1630 1279; x_wconf 84' lang='lat' dir='ltr'><strong>mit</strong></span> 
     </span>
     <span class='ocr_line' id='line_1_22' title="bbox 168 1291 1631 1340; baseline -0.001 -11"><span class='ocrx_word' id='word_1_198' title='bbox 168 1296 337 1333; x_wconf 81' lang='lat' dir='ltr'><strong>Faustus,</strong></span> <span class='ocrx_word' id='word_1_199' title='bbox 364 1293 449 1326; x_wconf 87' lang='lat' dir='ltr'><strong>dem</strong></span> <span class='ocrx_word' id='word_1_200' title='bbox 476 1291 599 1326; x_wconf 71' lang='lat' dir='ltr'><strong>Soline</strong></span> <span class='ocrx_word' id='word_1_201' title='bbox 627 1292 690 1326; x_wconf 85' lang='lat' dir='ltr'><strong>des</strong></span> <span class='ocrx_word' id='word_1_202' title='bbox 717 1293 758 1325; x_wconf 86' lang='lat' dir='ltr'><strong>L.</strong></span> <span class='ocrx_word' id='word_1_203' title='bbox 791 1292 910 1332; x_wconf 86' lang='lat' dir='ltr'><strong>Sulla,</strong></span> <span class='ocrx_word' id='word_1_204' title='bbox 939 1293 993 1326; x_wconf 85' lang='lat' dir='ltr'><strong>als</strong></span> <span class='ocrx_word' id='word_1_205' title='bbox 1020 1293 1394 1340; x_wconf 74' lang='lat' dir='ltr'><strong>Kriegsgefangener</strong></span> <span class='ocrx_word' id='word_1_206' title='bbox 1422 1295 1486 1329; x_wconf 82' lang='lat' dir='ltr'><strong>des</strong></span> <span class='ocrx_word' id='word_1_207' title='bbox 1512 1297 1547 1329; x_wconf 87' lang='lat' dir='ltr'><strong>P.</strong></span> <span class='ocrx_word' id='word_1_208' title='bbox 1574 1294 1631 1328; x_wconf 84' lang='lat' dir='ltr'><strong>Si-</strong></span> 
     </span>
     <span class='ocr_line' id='line_1_23' title="bbox 172 1339 1628 1376; baseline 0.001 -1"><span class='ocrx_word' id='word_1_209' title='bbox 172 1344 246 1376; x_wconf 78' lang='lat' dir='ltr'><strong>tius</strong></span> <span class='ocrx_word' id='word_1_210' title='bbox 273 1343 313 1374; x_wconf 85' lang='lat' dir='ltr'><strong>in</strong></span> <span class='ocrx_word' id='word_1_211' title='bbox 341 1341 465 1374; x_wconf 88' lang='lat' dir='ltr'><strong>einem</strong></span> <span class='ocrx_word' id='word_1_212' title='bbox 493 1340 700 1373; x_wconf 73' lang='lat' dir='ltr'><strong>Aufstande</strong></span> <span class='ocrx_word' id='word_1_213' title='bbox 727 1351 803 1374; x_wconf 85' lang='lat' dir='ltr'><strong>von</strong></span> <span class='ocrx_word' id='word_1_214' title='bbox 829 1339 1008 1375; x_wconf 85' lang='lat' dir='ltr'><strong>Soldaten</strong></span> <span class='ocrx_word' id='word_1_215' title='bbox 1035 1341 1237 1374; x_wconf 76' lang='lat' dir='ltr'><strong>ermordet.</strong></span> <span class='ocrx_word' id='word_1_216' title='bbox 1266 1341 1302 1375; x_wconf 87' lang='lat' dir='ltr'><strong>S.</strong></span> <span class='ocrx_word' id='word_1_217' title='bbox 1323 1342 1368 1375; x_wconf 88' lang='lat' dir='ltr'><strong>de</strong></span> <span class='ocrx_word' id='word_1_218' title='bbox 1388 1342 1482 1376; x_wconf 86' lang='lat' dir='ltr'><strong>Bell.</strong></span> <span class='ocrx_word' id='word_1_219' title='bbox 1507 1343 1628 1376; x_wconf 74' lang='lat' dir='ltr'><strong>Afric.</strong></span> 
     </span>
     <span class='ocr_line' id='line_1_24' title="bbox 174 1387 1629 1435; baseline -0.001 -11"><span class='ocrx_word' id='word_1_220' title='bbox 174 1403 204 1424; x_wconf 92' lang='lat' dir='ltr'><strong>c.</strong></span> <span class='ocrx_word' id='word_1_221' title='bbox 233 1391 291 1426; x_wconf 80' lang='lat'><strong>95.</strong></span> <span class='ocrx_word' id='word_1_222' title='bbox 329 1389 414 1423; x_wconf 82' lang='lat' dir='ltr'><strong>Liv.</strong></span> <span class='ocrx_word' id='word_1_223' title='bbox 442 1387 545 1431; x_wconf 73' lang='lat' dir='ltr'><strong>Epit.</strong></span> <span class='ocrx_word' id='word_1_224' title='bbox 574 1399 608 1418; x_wconf 91' lang='lat' dir='ltr'><strong>u.</strong></span> <span class='ocrx_word' id='word_1_225' title='bbox 638 1387 710 1420; x_wconf 90' lang='lat' dir='ltr'><strong>Dio</strong></span> <span class='ocrx_word' id='word_1_226' title='bbox 737 1388 762 1420; x_wconf 94' lang='lat' dir='ltr'><strong>l.</strong></span> <span class='ocrx_word' id='word_1_227' title='bbox 791 1398 821 1420; x_wconf 79' lang='lat' dir='ltr'><strong>c,</strong></span> <span class='ocrx_word' id='word_1_228' title='bbox 848 1407 894 1412; x_wconf 90' lang='lat'><strong>—</strong></span> <span class='ocrx_word' id='word_1_229' title='bbox 918 1390 1056 1432; x_wconf 75' lang='lat' dir='ltr'><strong>praed.</strong></span> <span class='ocrx_word' id='word_1_230' title='bbox 1084 1388 1213 1432; x_wconf 70' lang='lat' dir='ltr'><strong>periit.</strong></span> <span class='ocrx_word' id='word_1_231' title='bbox 1242 1406 1289 1413; x_wconf 89' lang='lat'><strong>—-</strong></span> <span class='ocrx_word' id='word_1_232' title='bbox 1323 1403 1430 1435; x_wconf 80' lang='lat' dir='ltr'><strong>quam</strong></span> <span class='ocrx_word' id='word_1_233' title='bbox 1457 1393 1516 1433; x_wconf 77' lang='grc' dir='ltr'><strong>ι’[ζί</strong></span> <span class='ocrx_word' id='word_1_234' title='bbox 1530 1390 1629 1433; x_wconf 69' lang='lat' dir='ltr'><strong>fuit.</strong></span> 
     </span>
     <span class='ocr_line' id='line_1_25' title="bbox 174 1434 1633 1478; baseline -0.002 -6"><span class='ocrx_word' id='word_1_235' title='bbox 174 1440 331 1472; x_wconf 78' lang='lat' dir='ltr'><strong>Necesse</strong></span> <span class='ocrx_word' id='word_1_236' title='bbox 357 1436 396 1468; x_wconf 82' lang='lat' dir='ltr'><strong>id</strong></span> <span class='ocrx_word' id='word_1_237' title='bbox 424 1434 556 1468; x_wconf 82' lang='lat' dir='ltr'><strong>Catoni</strong></span> <span class='ocrx_word' id='word_1_238' title='bbox 582 1435 668 1474; x_wconf 83' lang='lat' dir='ltr'><strong>fuit,</strong></span> <span class='ocrx_word' id='word_1_239' title='bbox 708 1434 798 1478; x_wconf 83' lang='lat' dir='ltr'><strong>quia</strong></span> <span class='ocrx_word' id='word_1_240' title='bbox 835 1435 969 1468; x_wconf 85' lang='lat' dir='ltr'><strong>Caesar</strong></span> <span class='ocrx_word' id='word_1_241' title='bbox 1004 1441 1134 1469; x_wconf 89' lang='lat' dir='ltr'><strong>vetere</strong></span> <span class='ocrx_word' id='word_1_242' title='bbox 1173 1436 1261 1469; x_wconf 88' lang='lat' dir='ltr'><strong>odio</strong></span> <span class='ocrx_word' id='word_1_243' title='bbox 1296 1436 1472 1471; x_wconf 85' lang='lat' dir='ltr'><strong>incensus</strong></span> <span class='ocrx_word' id='word_1_244' title='bbox 1508 1439 1543 1472; x_wconf 84' lang='lat' dir='ltr'><strong>ei</strong></span> <span class='ocrx_word' id='word_1_245' title='bbox 1582 1437 1633 1469; x_wconf 89' lang='lat' dir='ltr'><strong>ti-</strong></span> 
     </span>
     <span class='ocr_line' id='line_1_26' title="bbox 175 1482 1634 1525; baseline -0.001 -7"><span class='ocrx_word' id='word_1_246' title='bbox 175 1485 332 1519; x_wconf 84' lang='lat' dir='ltr'><strong>mendus</strong></span> <span class='ocrx_word' id='word_1_247' title='bbox 359 1487 448 1517; x_wconf 85' lang='lat' dir='ltr'><strong>erat.</strong></span> <span class='ocrx_word' id='word_1_248' title='bbox 499 1483 575 1514; x_wconf 86' lang='lat' dir='ltr'><strong>Nos</strong></span> <span class='ocrx_word' id='word_1_249' title='bbox 603 1482 732 1514; x_wconf 82' lang='lat' dir='ltr'><strong>damus</strong></span> <span class='ocrx_word' id='word_1_250' title='bbox 759 1493 925 1525; x_wconf 83' lang='lat' dir='ltr'><strong>operam,</strong></span> <span class='ocrx_word' id='word_1_251' title='bbox 965 1489 1006 1515; x_wconf 88' lang='lat' dir='ltr'><strong>ut</strong></span> <span class='ocrx_word' id='word_1_252' title='bbox 1033 1484 1112 1516; x_wconf 85' lang='lat' dir='ltr'><strong>eius</strong></span> <span class='ocrx_word' id='word_1_253' title='bbox 1146 1483 1317 1516; x_wconf 85' lang='lat' dir='ltr'><strong>animum</strong></span> <span class='ocrx_word' id='word_1_254' title='bbox 1354 1486 1461 1519; x_wconf 84' lang='lat' dir='ltr'><strong>nobis</strong></span> <span class='ocrx_word' id='word_1_255' title='bbox 1499 1496 1634 1518; x_wconf 81' lang='lat' dir='ltr'><strong>recon-</strong></span> 
     </span>
     <span class='ocr_line' id='line_1_27' title="bbox 177 1530 1632 1572; baseline -0.001 -6"><span class='ocrx_word' id='word_1_256' title='bbox 177 1534 376 1572; x_wconf 68' lang='lat' dir='ltr'><strong>ciliemus5</strong></span> <span class='ocrx_word' id='word_1_257' title='bbox 414 1530 542 1572; x_wconf 80' lang='lat' dir='ltr'><strong>itaque</strong></span> <span class='ocrx_word' id='word_1_258' title='bbox 571 1540 653 1562; x_wconf 89' lang='lat' dir='ltr'><strong>cum</strong></span> <span class='ocrx_word' id='word_1_259' title='bbox 683 1530 763 1563; x_wconf 85' lang='lat' dir='ltr'><strong>eius</strong></span> <span class='ocrx_word' id='word_1_260' title='bbox 789 1530 1100 1563; x_wconf 78' lang='lat' dir='ltr'><strong>familiarissimis</strong></span> <span class='ocrx_word' id='word_1_261' title='bbox 1128 1531 1435 1567; x_wconf 77' lang='lat' dir='ltr'><strong>coniunctissime</strong></span> <span class='ocrx_word' id='word_1_262' title='bbox 1452 1533 1632 1566; x_wconf 79' lang='lat' dir='ltr'><strong>vivimus.</strong></span> 
     </span>
    </p>
   </div>
   <div class='ocr_carea' id='block_1_4' title="bbox 176 1577 1637 1732">
    <p class='ocr_par' dir='ltr' id='par_1_4' title="bbox 176 1577 1637 1732">
     <span class='ocr_line' id='line_1_28' title="bbox 176 1577 1351 1623; baseline -0.003 -8"><span class='ocrx_word' id='word_1_263' title='bbox 176 1580 353 1615; x_wconf 72' lang='lat' dir='ltr'><strong>MANUT.</strong></span> <span class='ocrx_word' id='word_1_264' title='bbox 379 1597 426 1602; x_wconf 92' lang='lat'><strong>—</strong></span> <span class='ocrx_word' id='word_1_265' title='bbox 447 1580 612 1623; x_wconf 76' lang='lat' dir='ltr'><strong>primum</strong></span> <span class='ocrx_word' id='word_1_266' title='bbox 639 1582 732 1610; x_wconf 83' lang='lat' dir='ltr'><strong>esset</strong></span> <span class='ocrx_word' id='word_1_267' title='bbox 759 1577 910 1610; x_wconf 84' lang='lat' dir='ltr'><strong>consilii</strong></span> <span class='ocrx_word' id='word_1_268' title='bbox 939 1579 1015 1611; x_wconf 87' lang='lat' dir='ltr'><strong>mei</strong></span> <span class='ocrx_word' id='word_1_269' title='bbox 1043 1578 1351 1612; x_wconf 85' lang='lat' dir='ltr'><strong>emolumentum.</strong></span> 
     </span>
     <span class='ocr_line' id='line_1_29' title="bbox 271 1637 1634 1683; baseline 0.001 -11"><span class='ocrx_word' id='word_1_270' title='bbox 271 1643 304 1675; x_wconf 90' lang='lat'><strong>3.</strong></span> <span class='ocrx_word' id='word_1_271' title='bbox 357 1639 528 1683; x_wconf 81' lang='lat' dir='ltr'><strong>Sequitur</strong></span> <span class='ocrx_word' id='word_1_272' title='bbox 553 1638 648 1670; x_wconf 60' lang='lat' dir='ltr'><strong>illud</strong></span> <span class='ocrx_word' id='word_1_273' title='bbox 680 1637 997 1670; x_wconf 85' lang='lat' dir='ltr'><strong>emolumentum.</strong></span> <span class='ocrx_word' id='word_1_274' title='bbox 1031 1655 1073 1662; x_wconf 87' lang='lat'>—</span> <span class='ocrx_word' id='word_1_275' title='bbox 1111 1641 1254 1671; x_wconf 76' lang='lat' dir='ltr'><strong>exercit.</strong></span> <span class='ocrx_word' id='word_1_276' title='bbox 1292 1639 1545 1681; x_wconf 79' lang='lat' dir='ltr'><strong>declamandi,</strong></span> <span class='ocrx_word' id='word_1_277' title='bbox 1579 1639 1634 1674; x_wconf 85' lang='lat' dir='ltr'><strong>als</strong></span> 
     </span>
     <span class='ocr_line' id='line_1_30' title="bbox 177 1684 1637 1732; baseline -0.001 -10"><span class='ocrx_word' id='word_1_278' title='bbox 177 1685 488 1732; x_wconf 78' lang='lat' dir='ltr'><strong>Leibesiibungen</strong></span> <span class='ocrx_word' id='word_1_279' title='bbox 515 1684 697 1731; x_wconf 77' lang='lat' dir='ltr'><strong>zugleich</strong></span> <span class='ocrx_word' id='word_1_280' title='bbox 720 1684 943 1718; x_wconf 82' lang='lat' dir='ltr'><strong>betrachtet.</strong></span> <span class='ocrx_word' id='word_1_281' title='bbox 979 1703 1026 1709; x_wconf 94' lang='lat'><strong>—-</strong></span> <span class='ocrx_word' id='word_1_282' title='bbox 1062 1686 1096 1718; x_wconf 81' lang='lat' dir='ltr'><strong>sz&#39;</strong></span> <span class='ocrx_word' id='word_1_283' title='bbox 1122 1699 1191 1731; x_wconf 77' lang='lat' dir='ltr'><strong>qua</strong></span> <span class='ocrx_word' id='word_1_284' title='bbox 1223 1697 1270 1717; x_wconf 77' lang='grc' dir='ltr'>Ξ</span> <span class='ocrx_word' id='word_1_285' title='bbox 1303 1698 1397 1731; x_wconf 83' lang='lat' dir='ltr'><strong>quae</strong></span> <span class='ocrx_word' id='word_1_286' title='bbox 1423 1690 1561 1721; x_wconf 76' lang='lat' dir='ltr'><strong>forsan.</strong></span> <span class='ocrx_word' id='word_1_287' title='bbox 1588 1707 1637 1712; x_wconf 91' lang='lat'><strong>—-</strong></span> 
     </span>
    </p>
   </div>
   <div class='ocr_carea' id='block_1_5' title="bbox 11 1731 1646 2247">
    <p class='ocr_par' dir='ltr' id='par_1_5' title="bbox 11 1731 1646 2162">
     <span class='ocr_line' id='line_1_31' title="bbox 178 1731 1637 1779; baseline -0.001 -8"><span class='ocrx_word' id='word_1_288' title='bbox 178 1739 295 1771; x_wconf 81' lang='lat' dir='ltr'><strong>nescio</strong></span> <span class='ocrx_word' id='word_1_289' title='bbox 328 1747 374 1767; x_wconf 85' lang='grc' dir='ltr'><strong>αη</strong></span> <span class='ocrx_word' id='word_1_290' title='bbox 400 1744 448 1765; x_wconf 81' lang='lat'>=</span> <span class='ocrx_word' id='word_1_291' title='bbox 473 1734 643 1765; x_wconf 75' lang='lat' dir='ltr'><strong>fortasse.</strong></span> <span class='ocrx_word' id='word_1_292' title='bbox 694 1732 729 1765; x_wconf 85' lang='lat' dir='ltr'><strong>S.</strong></span> <span class='ocrx_word' id='word_1_293' title='bbox 758 1731 909 1765; x_wconf 73' lang='lat' dir='ltr'><strong>Ramsh.</strong></span> <span class='ocrx_word' id='word_1_294' title='bbox 946 1736 975 1774; x_wconf 83' lang='lat'><strong>§.</strong></span> <span class='ocrx_word' id='word_1_295' title='bbox 1004 1735 1085 1767; x_wconf 57' lang='lat'><strong>172.</strong></span> <span class='ocrx_word' id='word_1_296' title='bbox 1110 1734 1145 1774; x_wconf 77' lang='lat'><strong>2,</strong></span> <span class='ocrx_word' id='word_1_297' title='bbox 1181 1735 1227 1768; x_wconf 87' lang='lat' dir='ltr'><strong>N.</strong></span> <span class='ocrx_word' id='word_1_298' title='bbox 1255 1737 1287 1769; x_wconf 87' lang='lat'><strong>3.</strong></span> <span class='ocrx_word' id='word_1_299' title='bbox 1325 1735 1469 1769; x_wconf 82' lang='lat' dir='ltr'><strong>Grotef.</strong></span> <span class='ocrx_word' id='word_1_300' title='bbox 1498 1737 1526 1779; x_wconf 65' lang='grc' dir='ltr'><strong>ζ).</strong></span> <span class='ocrx_word' id='word_1_301' title='bbox 1553 1737 1637 1771; x_wconf 54' lang='lat'><strong>325.</strong></span> 
     </span>
     <span class='ocr_line' id='line_1_32' title="bbox 180 1779 1638 1826; baseline -0.001 -9"><span class='ocrx_word' id='word_1_302' title='bbox 180 1804 225 1810; x_wconf 93' lang='lat'>—</span> <span class='ocrx_word' id='word_1_303' title='bbox 253 1782 403 1826; x_wconf 73' lang='lat' dir='ltr'><strong>confeci,</strong></span> <span class='ocrx_word' id='word_1_304' title='bbox 430 1781 521 1822; x_wconf 84' lang='lat' dir='ltr'><strong>„ich</strong></span> <span class='ocrx_word' id='word_1_305' title='bbox 540 1780 634 1813; x_wconf 84' lang='lat' dir='ltr'><strong>habe</strong></span> <span class='ocrx_word' id='word_1_306' title='bbox 653 1779 875 1819; x_wconf 83' lang='lat' dir='ltr'><strong>verzehrt,“</strong></span> <span class='ocrx_word' id='word_1_307' title='bbox 902 1792 949 1812; x_wconf 69' lang='lat' dir='ltr'><strong>an</strong></span> <span class='ocrx_word' id='word_1_308' title='bbox 977 1780 1045 1814; x_wconf 84' lang='lat' dir='ltr'><strong>der</strong></span> <span class='ocrx_word' id='word_1_309' title='bbox 1064 1781 1172 1814; x_wconf 87' lang='lat' dir='ltr'><strong>Tafel</strong></span> <span class='ocrx_word' id='word_1_310' title='bbox 1199 1782 1349 1816; x_wconf 89' lang='lat' dir='ltr'><strong>meiner</strong></span> <span class='ocrx_word' id='word_1_311' title='bbox 1371 1783 1545 1821; x_wconf 72' lang='lat' dir='ltr'><strong>Schfiler,</strong></span> <span class='ocrx_word' id='word_1_312' title='bbox 1573 1785 1638 1817; x_wconf 80' lang='lat' dir='ltr'><strong>(les</strong></span> 
     </span>
     <span class='ocr_line' id='line_1_33' title="bbox 181 1828 1640 1878; baseline 0 -14"><span class='ocrx_word' id='word_1_313' title='bbox 181 1832 329 1865; x_wconf 82' lang='lat' dir='ltr'><strong>Hirtius</strong></span> <span class='ocrx_word' id='word_1_314' title='bbox 355 1830 432 1862; x_wconf 83' lang='lat' dir='ltr'><strong>und</strong></span> <span class='ocrx_word' id='word_1_315' title='bbox 459 1828 666 1862; x_wconf 84' lang='lat' dir='ltr'><strong>Dolabella.</strong></span> <span class='ocrx_word' id='word_1_316' title='bbox 726 1828 846 1874; x_wconf 80' lang='lat' dir='ltr'><strong>Iunge</strong></span> <span class='ocrx_word' id='word_1_317' title='bbox 879 1828 957 1860; x_wconf 82' lang='lat' dir='ltr'><strong>und</strong></span> <span class='ocrx_word' id='word_1_318' title='bbox 990 1830 1058 1860; x_wconf 86' lang='lat' dir='ltr'><strong>auf</strong></span> <span class='ocrx_word' id='word_1_319' title='bbox 1089 1829 1171 1862; x_wconf 85' lang='lat' dir='ltr'><strong>eine</strong></span> <span class='ocrx_word' id='word_1_320' title='bbox 1209 1830 1342 1877; x_wconf 78' lang='lat' dir='ltr'><strong>eigene</strong></span> <span class='ocrx_word' id='word_1_321' title='bbox 1369 1832 1440 1865; x_wconf 84' lang='lat' dir='ltr'><strong>Art</strong></span> <span class='ocrx_word' id='word_1_322' title='bbox 1473 1834 1543 1865; x_wconf 86' lang='lat' dir='ltr'><strong>fett</strong></span> <span class='ocrx_word' id='word_1_323' title='bbox 1575 1843 1640 1878; x_wconf 60' lang='lat' dir='ltr'><strong>ge-</strong></span> 
     </span>
     <span class='ocr_line' id='line_1_34' title="bbox 183 1872 1640 1923; baseline -0.001 -10"><span class='ocrx_word' id='word_1_324' title='bbox 183 1878 330 1913; x_wconf 82' lang='lat' dir='ltr'><strong>machte</strong></span> <span class='ocrx_word' id='word_1_325' title='bbox 356 1879 494 1910; x_wconf 89' lang='lat' dir='ltr'><strong>Pfauen</strong></span> <span class='ocrx_word' id='word_1_326' title='bbox 522 1876 664 1923; x_wconf 66' lang='lat' dir='ltr'><strong>galion,</strong></span> <span class='ocrx_word' id='word_1_327' title='bbox 692 1874 954 1908; x_wconf 75' lang='lat' dir='ltr'><strong>vermuthlich</strong></span> <span class='ocrx_word' id='word_1_328' title='bbox 980 1876 1074 1909; x_wconf 84' lang='lat' dir='ltr'><strong>weil</strong></span> <span class='ocrx_word' id='word_1_329' title='bbox 1101 1877 1152 1909; x_wconf 82' lang='lat' dir='ltr'><strong>sie</strong></span> <span class='ocrx_word' id='word_1_330' title='bbox 1178 1877 1316 1911; x_wconf 80' lang='lat' dir='ltr'><strong>theuer</strong></span> <span class='ocrx_word' id='word_1_331' title='bbox 1340 1891 1483 1920; x_wconf 82' lang='lat' dir='ltr'><strong>waren,</strong></span> <span class='ocrx_word' id='word_1_332' title='bbox 1522 1872 1640 1913; x_wconf 61' lang='lat' dir='ltr'><strong>sebon</strong></span> 
     </span>
     <span class='ocr_line' id='line_1_35' title="bbox 184 1922 1642 1974; baseline 0.001 -16"><span class='ocrx_word' id='word_1_333' title='bbox 184 1939 321 1974; x_wconf 74' lang='lat' dir='ltr'><strong>weg-en</strong></span> <span class='ocrx_word' id='word_1_334' title='bbox 357 1925 420 1958; x_wconf 84' lang='lat' dir='ltr'><strong>des</strong></span> <span class='ocrx_word' id='word_1_335' title='bbox 447 1924 655 1958; x_wconf 71' lang='lat' dir='ltr'><strong>Scluveifes</strong></span> <span class='ocrx_word' id='word_1_336' title='bbox 696 1923 758 1957; x_wconf 86' lang='lat' dir='ltr'><strong>ein</strong></span> <span class='ocrx_word' id='word_1_337' title='bbox 792 1922 1008 1956; x_wconf 80' lang='lat' dir='ltr'><strong>herrliches</strong></span> <span class='ocrx_word' id='word_1_338' title='bbox 1044 1923 1337 1970; x_wconf 77' lang='lat' dir='ltr'><strong>Sehaugerieht‚</strong></span> <span class='ocrx_word' id='word_1_339' title='bbox 1375 1928 1439 1959; x_wconf 78' lang='lat' dir='ltr'><strong>fur</strong></span> <span class='ocrx_word' id='word_1_340' title='bbox 1466 1927 1544 1960; x_wconf 87' lang='lat' dir='ltr'><strong>eius</strong></span> <span class='ocrx_word' id='word_1_341' title='bbox 1572 1927 1642 1960; x_wconf 84' lang='lat' dir='ltr'><strong>der</strong></span> 
     </span>
     <span class='ocr_line' id='line_1_36' title="bbox 186 1971 1646 2013; baseline -0.001 -5"><span class='ocrx_word' id='word_1_342' title='bbox 186 1973 468 2013; x_wconf 74' lang='lat' dir='ltr'><strong>vornehmsten,</strong></span> <span class='ocrx_word' id='word_1_343' title='bbox 495 1971 818 2005; x_wconf 75' lang='lat' dir='ltr'><strong>leckerliaftesten</strong></span> <span class='ocrx_word' id='word_1_344' title='bbox 845 1971 924 2003; x_wconf 85' lang='lat' dir='ltr'><strong>und</strong></span> <span class='ocrx_word' id='word_1_345' title='bbox 951 1971 1338 2007; x_wconf 84' lang='lat' dir='ltr'><strong>unentbehrlichsten</strong></span> <span class='ocrx_word' id='word_1_346' title='bbox 1367 1974 1551 2008; x_wconf 85' lang='lat' dir='ltr'><strong>Gerichte</strong></span> <span class='ocrx_word' id='word_1_347' title='bbox 1579 1974 1646 2007; x_wconf 83' lang='lat' dir='ltr'><strong>auf</strong></span> 
     </span>
     <span class='ocr_line' id='line_1_37' title="bbox 188 2019 1642 2069; baseline -0.002 -13"><span class='ocrx_word' id='word_1_348' title='bbox 188 2023 260 2056; x_wconf 81' lang='lat' dir='ltr'><strong>den</strong></span> <span class='ocrx_word' id='word_1_349' title='bbox 286 2021 420 2054; x_wconf 86' lang='lat' dir='ltr'><strong>Tafeln</strong></span> <span class='ocrx_word' id='word_1_350' title='bbox 446 2020 513 2053; x_wconf 89' lang='lat' dir='ltr'><strong>der</strong></span> <span class='ocrx_word' id='word_1_351' title='bbox 538 2019 707 2067; x_wconf 77' lang='lat' dir='ltr'><strong>iippigen</strong></span> <span class='ocrx_word' id='word_1_352' title='bbox 734 2019 884 2052; x_wconf 70' lang='lat' dir='ltr'><strong>Riimer.</strong></span> <span class='ocrx_word' id='word_1_353' title='bbox 937 2019 1043 2052; x_wconf 79' lang='lat' dir='ltr'><strong>P&#39;a&#39;tus</strong></span> <span class='ocrx_word' id='word_1_354' title='bbox 1077 2019 1226 2053; x_wconf 87' lang='lat' dir='ltr'><strong>scheint</strong></span> <span class='ocrx_word' id='word_1_355' title='bbox 1260 2033 1377 2069; x_wconf 78' lang='lat' dir='ltr'><strong>gerne</strong></span> <span class='ocrx_word' id='word_1_356' title='bbox 1405 2022 1532 2055; x_wconf 82' lang='lat' dir='ltr'><strong>Etwas</strong></span> <span class='ocrx_word' id='word_1_357' title='bbox 1565 2033 1642 2056; x_wconf 81' lang='lat' dir='ltr'><strong>von</strong></span> 
     </span>
     <span class='ocr_line' id='line_1_38' title="bbox 189 2066 1642 2117; baseline 0.002 -17"><span class='ocrx_word' id='word_1_358' title='bbox 189 2076 320 2117; x_wconf 74' lang='lat' dir='ltr'><strong>gutem</strong></span> <span class='ocrx_word' id='word_1_359' title='bbox 348 2069 463 2101; x_wconf 77' lang='lat' dir='ltr'><strong>Essen</strong></span> <span class='ocrx_word' id='word_1_360' title='bbox 491 2067 629 2114; x_wconf 77' lang='lat' dir='ltr'><strong>gehb‘rt</strong></span> <span class='ocrx_word' id='word_1_361' title='bbox 656 2078 702 2098; x_wconf 91' lang='lat' dir='ltr'><strong>zn</strong></span> <span class='ocrx_word' id='word_1_362' title='bbox 728 2066 861 2099; x_wconf 88' lang='lat' dir='ltr'><strong>haben.</strong></span> <span class='ocrx_word' id='word_1_363' title='bbox 888 2085 934 2091; x_wconf 89' lang='lat'><strong>·—-</strong></span> <span class='ocrx_word' id='word_1_364' title='bbox 960 2068 1163 2100; x_wconf 68' lang='lat' dir='ltr'><strong>Hateriano</strong></span> <span class='ocrx_word' id='word_1_365' title='bbox 1189 2072 1279 2102; x_wconf 80' lang='lat' dir='ltr'><strong>iure.</strong></span> <span class='ocrx_word' id='word_1_366' title='bbox 1320 2069 1435 2102; x_wconf 87' lang='lat' dir='ltr'><strong>Ludit</strong></span> <span class='ocrx_word' id='word_1_367' title='bbox 1471 2071 1513 2102; x_wconf 87' lang='lat' dir='ltr'><strong>iu</strong></span> <span class='ocrx_word' id='word_1_368' title='bbox 1549 2081 1642 2105; x_wconf 79' lang='lat' dir='ltr'><strong>voce</strong></span> 
     </span>
     <span class='ocr_line' id='line_1_39' title="bbox 11 2109 1643 2162; baseline 0.001 -14"><span class='ocrx_word' id='word_1_369' title='bbox 11 2109 13 2150; x_wconf 72' lang='grc' dir='ltr'><strong>Ῑ</strong></span> <span class='ocrx_word' id='word_1_370' title='bbox 192 2121 260 2155; x_wconf 79' lang='lat' dir='ltr'><strong>ius,</strong></span> <span class='ocrx_word' id='word_1_371' title='bbox 289 2116 389 2160; x_wconf 79' lang='lat' dir='ltr'><strong>quod</strong></span> <span class='ocrx_word' id='word_1_372' title='bbox 416 2121 451 2149; x_wconf 90' lang='lat' dir='ltr'><strong>et</strong></span> <span class='ocrx_word' id='word_1_373' title='bbox 477 2115 668 2159; x_wconf 84' lang='lat' dir='ltr'><strong>liquidum</strong></span> <span class='ocrx_word' id='word_1_374' title='bbox 698 2114 772 2147; x_wconf 86' lang='lat' dir='ltr'><strong>cibi</strong></span> <span class='ocrx_word' id='word_1_375' title='bbox 799 2120 836 2147; x_wconf 88' lang='lat' dir='ltr'><strong>et</strong></span> <span class='ocrx_word' id='word_1_376' title='bbox 868 2114 971 2161; x_wconf 80' lang='lat' dir='ltr'><strong>leges</strong></span> <span class='ocrx_word' id='word_1_377' title='bbox 999 2115 1202 2162; x_wconf 82' lang='lat' dir='ltr'><strong>significat.</strong></span> <span class='ocrx_word' id='word_1_378' title='bbox 1253 2117 1416 2151; x_wconf 83' lang='lat' dir='ltr'><strong>Videtur</strong></span> <span class='ocrx_word' id='word_1_379' title='bbox 1442 2118 1643 2151; x_wconf 86' lang='lat' dir='ltr'><strong>Haterium</strong></span> 
     </span>
    </p>

    <p class='ocr_par' dir='ltr' id='par_1_6' title="bbox 191 2162 1646 2247">
     <span class='ocr_line' id='line_1_40' title="bbox 192 2162 1645 2207; baseline -0.001 -10"><span class='ocrx_word' id='word_1_380' title='bbox 192 2164 506 2197; x_wconf 77' lang='lat' dir='ltr'><strong>iurisconsultum</strong></span> <span class='ocrx_word' id='word_1_381' title='bbox 532 2174 647 2207; x_wconf 74' lang='lat' dir='ltr'><strong>penes</strong></span> <span class='ocrx_word' id='word_1_382' title='bbox 674 2174 711 2196; x_wconf 86' lang='lat' dir='ltr'><strong>se</strong></span> <span class='ocrx_word' id='word_1_383' title='bbox 737 2162 910 2195; x_wconf 81' lang='lat' dir='ltr'><strong>habuisse</strong></span> <span class='ocrx_word' id='word_1_384' title='bbox 938 2163 1077 2196; x_wconf 84' lang='lat' dir='ltr'><strong>Paetus.</strong></span> <span class='ocrx_word' id='word_1_385' title='bbox 1117 2165 1326 2200; x_wconf 82' lang='lat' dir='ltr'><strong>GRONOV.</strong></span> <span class='ocrx_word' id='word_1_386' title='bbox 1370 2165 1645 2199; x_wconf 76' lang='lat' dir='ltr'><strong>Vermuthlich</strong></span> 
     </span>
     <span class='ocr_line' id='line_1_41' title="bbox 191 2209 1646 2247; baseline 0 -2"><span class='ocrx_word' id='word_1_387' title='bbox 191 2212 295 2246; x_wconf 73' lang='lat' dir='ltr'><strong>hatte</strong></span> <span class='ocrx_word' id='word_1_388' title='bbox 322 2213 427 2244; x_wconf 72' lang='lat' dir='ltr'><strong>Pa&#39;tus</strong></span> <span class='ocrx_word' id='word_1_389' title='bbox 454 2211 513 2243; x_wconf 86' lang='lat' dir='ltr'><strong>die</strong></span> <span class='ocrx_word' id='word_1_390' title='bbox 539 2210 693 2243; x_wconf 84' lang='lat' dir='ltr'><strong>Briihen</strong></span> <span class='ocrx_word' id='word_1_391' title='bbox 723 2210 785 2243; x_wconf 83' lang='lat' dir='ltr'><strong>des</strong></span> <span class='ocrx_word' id='word_1_392' title='bbox 806 2209 955 2243; x_wconf 83' lang='lat' dir='ltr'><strong>Aterius</strong></span> <span class='ocrx_word' id='word_1_393' title='bbox 982 2210 1065 2243; x_wconf 80' lang='lat' dir='ltr'><strong>(lem</strong></span> <span class='ocrx_word' id='word_1_394' title='bbox 1090 2211 1222 2246; x_wconf 88' lang='lat' dir='ltr'><strong>Cicero</strong></span> <span class='ocrx_word' id='word_1_395' title='bbox 1249 2214 1290 2245; x_wconf 86' lang='lat' dir='ltr'><strong>in</strong></span> <span class='ocrx_word' id='word_1_396' title='bbox 1318 2213 1445 2247; x_wconf 85' lang='lat' dir='ltr'><strong>einem</strong></span> <span class='ocrx_word' id='word_1_397' title='bbox 1470 2213 1646 2247; x_wconf 81' lang='lat' dir='ltr'><strong>komisch</strong></span> 
     </span>
    </p>
   </div>
   <div class='ocr_carea' id='block_1_6' title="bbox 194 2258 1648 2305">
    <p class='ocr_par' dir='ltr' id='par_1_7' title="bbox 194 2258 1648 2305">
     <span class='ocr_line' id='line_1_42' title="bbox 194 2258 1648 2305; baseline 0 -13"><span class='ocrx_word' id='word_1_398' title='bbox 194 2259 428 2294; x_wconf 77' lang='lat' dir='ltr'><strong>ernsthaften</strong></span> <span class='ocrx_word' id='word_1_399' title='bbox 468 2259 571 2292; x_wconf 88' lang='lat' dir='ltr'><strong>Tone</strong></span> <span class='ocrx_word' id='word_1_400' title='bbox 606 2258 872 2305; x_wconf 77' lang='lat' dir='ltr'><strong>angepriesen.</strong></span> <span class='ocrx_word' id='word_1_401' title='bbox 908 2277 955 2282; x_wconf 90' lang='lat'><strong>-—</strong></span> <span class='ocrx_word' id='word_1_402' title='bbox 993 2259 1158 2293; x_wconf 73' lang='lat' dir='ltr'><strong>delectas.</strong></span> <span class='ocrx_word' id='word_1_403' title='bbox 1198 2260 1262 2294; x_wconf 87' lang='lat' dir='ltr'><strong>Sic</strong></span> <span class='ocrx_word' id='word_1_404' title='bbox 1294 2261 1442 2305; x_wconf 79' lang='lat' dir='ltr'><strong>scripsi,</strong></span> <span class='ocrx_word' id='word_1_405' title='bbox 1492 2263 1648 2294; x_wconf 65' lang='lat' dir='ltr'><strong>delectat</strong></span> 
     </span>
    </p>
   </div>
   <div class='ocr_carea' id='block_1_7' title="bbox 194 2306 1657 2735">
    <p class='ocr_par' dir='ltr' id='par_1_8' title="bbox 194 2306 1657 2735">
     <span class='ocr_line' id='line_1_43' title="bbox 196 2306 1649 2350; baseline 0.001 -10"><span class='ocrx_word' id='word_1_406' title='bbox 196 2308 282 2348; x_wconf 70' lang='lat' dir='ltr'><strong>Md..</strong></span> <span class='ocrx_word' id='word_1_407' title='bbox 308 2312 348 2339; x_wconf 84' lang='lat' dir='ltr'><strong>ut</strong></span> <span class='ocrx_word' id='word_1_408' title='bbox 374 2307 583 2340; x_wconf 74' lang='lat' dir='ltr'><strong>sexcenties</strong></span> <span class='ocrx_word' id='word_1_409' title='bbox 609 2306 762 2339; x_wconf 71' lang='lat' dir='ltr'><strong>tertiam</strong></span> <span class='ocrx_word' id='word_1_410' title='bbox 789 2317 888 2350; x_wconf 84' lang='lat' dir='ltr'><strong>pers.</strong></span> <span class='ocrx_word' id='word_1_411' title='bbox 916 2316 986 2350; x_wconf 82' lang='lat' dir='ltr'><strong>pro</strong></span> <span class='ocrx_word' id='word_1_412' title='bbox 1019 2308 1181 2341; x_wconf 79' lang='lat' dir='ltr'><strong>secunda</strong></span> <span class='ocrx_word' id='word_1_413' title='bbox 1208 2308 1328 2342; x_wconf 85' lang='lat' dir='ltr'><strong>habet.</strong></span> <span class='ocrx_word' id='word_1_414' title='bbox 1367 2311 1543 2342; x_wconf 67' lang='lat' dir='ltr'><strong>delectato</strong></span> <span class='ocrx_word' id='word_1_415' title='bbox 1580 2308 1649 2341; x_wconf 86' lang='lat' dir='ltr'><strong>Ce-</strong></span> 
     </span>
     <span class='ocr_line' id='line_1_44' title="bbox 194 2354 1651 2399; baseline 0.001 -12"><span class='ocrx_word' id='word_1_416' title='bbox 194 2356 276 2389; x_wconf 78' lang='lat' dir='ltr'><strong>teri.</strong></span> <span class='ocrx_word' id='word_1_417' title='bbox 309 2357 382 2388; x_wconf 73' lang='lat'><strong>01³..</strong></span> <span class='ocrx_word' id='word_1_418' title='bbox 407 2373 453 2378; x_wconf 90' lang='lat'>—</span> <span class='ocrx_word' id='word_1_419' title='bbox 479 2355 652 2387; x_wconf 74' lang='lat' dir='ltr'><strong>Hirtiano</strong></span> <span class='ocrx_word' id='word_1_420' title='bbox 679 2354 764 2386; x_wconf 86' lang='lat' dir='ltr'><strong>iure</strong></span> <span class='ocrx_word' id='word_1_421' title='bbox 791 2354 949 2387; x_wconf 75' lang='lat' dir='ltr'><strong>delecto.</strong></span> <span class='ocrx_word' id='word_1_422' title='bbox 1002 2354 1164 2388; x_wconf 82' lang='lat' dir='ltr'><strong>Videtur</strong></span> <span class='ocrx_word' id='word_1_423' title='bbox 1189 2357 1336 2389; x_wconf 74' lang='lat' dir='ltr'><strong>Hirtius</strong></span> <span class='ocrx_word' id='word_1_424' title='bbox 1363 2357 1527 2390; x_wconf 84' lang='lat' dir='ltr'><strong>lautiore</strong></span> <span class='ocrx_word' id='word_1_425' title='bbox 1556 2367 1651 2399; x_wconf 83' lang='lat' dir='ltr'><strong>quo-</strong></span> 
     </span>
     <span class='ocr_line' id='line_1_45' title="bbox 197 2402 1648 2446; baseline 0.001 -11"><span class='ocrx_word' id='word_1_426' title='bbox 197 2404 280 2436; x_wconf 83' lang='lat' dir='ltr'><strong>‹lam</strong></span> <span class='ocrx_word' id='word_1_427' title='bbox 318 2403 466 2435; x_wconf 86' lang='lat' dir='ltr'><strong>iusculo</strong></span> <span class='ocrx_word' id='word_1_428' title='bbox 500 2402 664 2446; x_wconf 84' lang='lat' dir='ltr'><strong>(Suppe)</strong></span> <span class='ocrx_word' id='word_1_429' title='bbox 699 2402 907 2434; x_wconf 81' lang='lat' dir='ltr'><strong>delectatus</strong></span> <span class='ocrx_word' id='word_1_430' title='bbox 943 2402 1071 2443; x_wconf 82' lang='lat' dir='ltr'><strong>fuisse,</strong></span> <span class='ocrx_word' id='word_1_431' title='bbox 1107 2404 1207 2446; x_wconf 83' lang='lat' dir='ltr'><strong>quod</strong></span> <span class='ocrx_word' id='word_1_432' title='bbox 1238 2406 1390 2438; x_wconf 81' lang='lat' dir='ltr'><strong>fervens</strong></span> <span class='ocrx_word' id='word_1_433' title='bbox 1416 2404 1648 2437; x_wconf 84' lang='lat' dir='ltr'><strong>sumebatur.</strong></span> 
     </span>
     <span class='ocr_line' id='line_1_46' title="bbox 198 2450 1649 2498; baseline 0.001 -16"><span class='ocrx_word' id='word_1_434' title='bbox 198 2451 295 2484; x_wconf 82' lang='lat' dir='ltr'><strong>Vide</strong></span> <span class='ocrx_word' id='word_1_435' title='bbox 322 2450 419 2483; x_wconf 81' lang='lat' dir='ltr'><strong>infra</strong></span> <span class='ocrx_word' id='word_1_436' title='bbox 448 2461 505 2494; x_wconf 89' lang='lat' dir='ltr'><strong>ep.</strong></span> <span class='ocrx_word' id='word_1_437' title='bbox 532 2452 624 2484; x_wconf 70' lang='lat'>456:</span> <span class='ocrx_word' id='word_1_438' title='bbox 652 2451 775 2483; x_wconf 75' lang='lat' dir='ltr'><strong>Hirtio</strong></span> <span class='ocrx_word' id='word_1_439' title='bbox 803 2461 924 2482; x_wconf 76' lang='lat' dir='ltr'><strong>cenam</strong></span> <span class='ocrx_word' id='word_1_440' title='bbox 951 2452 1058 2483; x_wconf 78' lang='lat' dir='ltr'><strong>dedz&#39;“</strong></span> <span class='ocrx_word' id='word_1_441' title='bbox 1085 2457 1155 2484; x_wconf 87' lang='lat' dir='ltr'><strong>cet.</strong></span> <span class='ocrx_word' id='word_1_442' title='bbox 1196 2471 1242 2476; x_wconf 92' lang='lat'><strong>—-</strong></span> <span class='ocrx_word' id='word_1_443' title='bbox 1280 2453 1649 2498; x_wconf 71' lang='grc' dir='ltr'><strong>προλεγομένας,</strong></span> 
     </span>
     <span class='ocr_line' id='line_1_47' title="bbox 199 2496 1649 2540; baseline 0.001 -10"><span class='ocrx_word' id='word_1_444' title='bbox 199 2499 259 2532; x_wconf 82' lang='lat' dir='ltr'><strong>die</strong></span> <span class='ocrx_word' id='word_1_445' title='bbox 285 2497 584 2531; x_wconf 75' lang='lat' dir='ltr'><strong>Vorkenntnisse</strong></span> <span class='ocrx_word' id='word_1_446' title='bbox 612 2497 680 2530; x_wconf 87' lang='lat' dir='ltr'><strong>der</strong></span> <span class='ocrx_word' id='word_1_447' title='bbox 705 2496 877 2530; x_wconf 79' lang='lat' dir='ltr'><strong>h‘oheren</strong></span> <span class='ocrx_word' id='word_1_448' title='bbox 905 2496 1102 2540; x_wconf 84' lang='lat' dir='ltr'><strong>Esskunst‚</strong></span> <span class='ocrx_word' id='word_1_449' title='bbox 1138 2499 1199 2534; x_wconf 80' lang='lat' dir='ltr'><strong>die</strong></span> <span class='ocrx_word' id='word_1_450' title='bbox 1225 2501 1284 2533; x_wconf 91' lang='lat' dir='ltr'><strong>Du</strong></span> <span class='ocrx_word' id='word_1_451' title='bbox 1311 2513 1358 2532; x_wconf 85' lang='lat' dir='ltr'><strong>zu</strong></span> <span class='ocrx_word' id='word_1_452' title='bbox 1385 2500 1536 2533; x_wconf 83' lang='lat' dir='ltr'><strong>kennen</strong></span> <span class='ocrx_word' id='word_1_453' title='bbox 1565 2510 1649 2531; x_wconf 85' lang='lat' dir='ltr'><strong>ver-</strong></span> 
     </span>
     <span class='ocr_line' id='line_1_48' title="bbox 200 2545 1653 2594; baseline 0 -15"><span class='ocrx_word' id='word_1_454' title='bbox 200 2547 335 2594; x_wconf 78' lang='lat' dir='ltr'><strong>langst.</strong></span> <span class='ocrx_word' id='word_1_455' title='bbox 389 2547 455 2578; x_wconf 81' lang='lat' dir='ltr'><strong>Est</strong></span> <span class='ocrx_word' id='word_1_456' title='bbox 481 2545 583 2579; x_wconf 78' lang='lat' dir='ltr'><strong>iocus</strong></span> <span class='ocrx_word' id='word_1_457' title='bbox 610 2556 655 2578; x_wconf 84' lang='lat' dir='ltr'><strong>ex</strong></span> <span class='ocrx_word' id='word_1_458' title='bbox 689 2545 879 2591; x_wconf 81' lang='lat' dir='ltr'><strong>ambiguo.</strong></span> <span class='ocrx_word' id='word_1_459' title='bbox 931 2547 1026 2578; x_wconf 81' lang='lat' dir='ltr'><strong>Nam</strong></span> <span class='ocrx_word' id='word_1_460' title='bbox 1062 2553 1239 2591; x_wconf 82' lang='lat' dir='ltr'><strong>poterant</strong></span> <span class='ocrx_word' id='word_1_461' title='bbox 1272 2548 1444 2594; x_wconf 75' lang='lat' dir='ltr'><strong>intelligi</strong></span> <span class='ocrx_word' id='word_1_462' title='bbox 1472 2547 1653 2593; x_wconf 74' lang='lat' dir='ltr'><strong>prolego-</strong></span> 
     </span>
     <span class='ocr_line' id='line_1_49' title="bbox 199 2592 1654 2639; baseline 0 -13"><span class='ocrx_word' id='word_1_463' title='bbox 199 2605 309 2628; x_wconf 85' lang='lat' dir='ltr'><strong>mena</strong></span> <span class='ocrx_word' id='word_1_464' title='bbox 335 2593 374 2626; x_wconf 88' lang='lat' dir='ltr'><strong>in</strong></span> <span class='ocrx_word' id='word_1_465' title='bbox 401 2592 529 2626; x_wconf 87' lang='lat' dir='ltr'><strong>schola</strong></span> <span class='ocrx_word' id='word_1_466' title='bbox 564 2592 767 2632; x_wconf 83' lang='lat' dir='ltr'><strong>rhetorica,</strong></span> <span class='ocrx_word' id='word_1_467' title='bbox 803 2604 916 2636; x_wconf 84' lang='lat' dir='ltr'><strong>quam</strong></span> <span class='ocrx_word' id='word_1_468' title='bbox 945 2593 1079 2628; x_wconf 79' lang='lat' dir='ltr'><strong>Cicero</strong></span> <span class='ocrx_word' id='word_1_469' title='bbox 1114 2601 1339 2639; x_wconf 81' lang='lat' dir='ltr'><strong>aperuerat;</strong></span> <span class='ocrx_word' id='word_1_470' title='bbox 1383 2601 1418 2629; x_wconf 89' lang='lat' dir='ltr'><strong>et</strong></span> <span class='ocrx_word' id='word_1_471' title='bbox 1454 2595 1531 2628; x_wconf 86' lang='lat' dir='ltr'><strong>cibi</strong></span> <span class='ocrx_word' id='word_1_472' title='bbox 1567 2594 1654 2638; x_wconf 80' lang='lat' dir='ltr'><strong>qni-</strong></span> 
     </span>
     <span class='ocr_line' id='line_1_50' title="bbox 199 2640 1655 2687; baseline 0 -13"><span class='ocrx_word' id='word_1_473' title='bbox 199 2642 284 2674; x_wconf 85' lang='lat' dir='ltr'><strong>dam</strong></span> <span class='ocrx_word' id='word_1_474' title='bbox 320 2641 514 2679; x_wconf 77' lang='lat' dir='ltr'><strong>lautiores,</strong></span> <span class='ocrx_word' id='word_1_475' title='bbox 549 2651 641 2684; x_wconf 82' lang='lat' dir='ltr'><strong>quos</strong></span> <span class='ocrx_word' id='word_1_476' title='bbox 675 2640 834 2680; x_wconf 74' lang='lat' dir='ltr'><strong>Hirtius,</strong></span> <span class='ocrx_word' id='word_1_477' title='bbox 873 2645 913 2673; x_wconf 85' lang='lat' dir='ltr'><strong>ut</strong></span> <span class='ocrx_word' id='word_1_478' title='bbox 949 2648 1060 2685; x_wconf 81' lang='lat' dir='ltr'><strong>caput</strong></span> <span class='ocrx_word' id='word_1_479' title='bbox 1087 2654 1214 2686; x_wconf 77' lang='lat' dir='ltr'><strong>cenae,</strong></span> <span class='ocrx_word' id='word_1_480' title='bbox 1250 2643 1422 2676; x_wconf 89' lang='lat' dir='ltr'><strong>convivis</strong></span> <span class='ocrx_word' id='word_1_481' title='bbox 1462 2652 1655 2687; x_wconf 78' lang='lat' dir='ltr'><strong>apponere</strong></span> 
     </span>
     <span class='ocr_line' id='line_1_51' title="bbox 200 2688 1657 2735; baseline -0.001 -12"><span class='ocrx_word' id='word_1_482' title='bbox 200 2689 339 2723; x_wconf 83' lang='lat' dir='ltr'><strong>solebat</strong></span> <span class='ocrx_word' id='word_1_483' title='bbox 366 2700 606 2733; x_wconf 83' lang='lat' dir='ltr'><strong>quorumque</strong></span> <span class='ocrx_word' id='word_1_484' title='bbox 634 2699 671 2722; x_wconf 76' lang='lat' dir='ltr'><strong>se</strong></span> <span class='ocrx_word' id='word_1_485' title='bbox 699 2688 879 2733; x_wconf 86' lang='lat' dir='ltr'><strong>cupidum</strong></span> <span class='ocrx_word' id='word_1_486' title='bbox 902 2689 1032 2722; x_wconf 71' lang='lat' dir='ltr'><strong>Paetus</strong></span> <span class='ocrx_word' id='word_1_487' title='bbox 1061 2690 1100 2722; x_wconf 90' lang='lat' dir='ltr'><strong>in</strong></span> <span class='ocrx_word' id='word_1_488' title='bbox 1128 2692 1288 2735; x_wconf 72' lang='lat' dir='ltr'><strong>epistola</strong></span> <span class='ocrx_word' id='word_1_489' title='bbox 1315 2690 1542 2725; x_wconf 83' lang='lat' dir='ltr'><strong>ostenderat.</strong></span> <span class='ocrx_word' id='word_1_490' title='bbox 1596 2690 1657 2724; x_wconf 82' lang='lat' dir='ltr'><strong>Ci-</strong></span> 
     </span>
    </p>
   </div>
   <div class='ocr_carea' id='block_1_8' title="bbox 0 0 56 1979">
    <p class='ocr_par' dir='ltr' id='par_1_9' title="bbox 0 0 56 1979">
     <span class='ocr_line' id='line_1_52' title="bbox 0 0 56 1979; baseline 0 0"><span class='ocrx_word' id='word_1_491' title='bbox 0 0 56 1979; x_wconf 95' lang='lat' dir='ltr'><strong> </strong></span> 
     </span>
    </p>
   </div>
   <div class='ocr_carea' id='block_1_9' title="bbox 1 1883 24 2460">
    <p class='ocr_par' dir='ltr' id='par_1_10' title="bbox 1 1883 24 2460">
     <span class='ocr_line' id='line_1_53' title="bbox 1 1883 24 2460; baseline 0 0"><span class='ocrx_word' id='word_1_492' title='bbox 1 1883 24 2460; x_wconf 95' lang='lat' dir='ltr'><strong> </strong></span> 
     </span>
    </p>
   </div>
   <div class='ocr_carea' id='block_1_10' title="bbox 0 2520 24 3081">
    <p class='ocr_par' dir='ltr' id='par_1_11' title="bbox 0 2520 24 3081">
     <span class='ocr_line' id='line_1_54' title="bbox 0 2520 24 3081; baseline 0 0"><span class='ocrx_word' id='word_1_493' title='bbox 0 2520 24 3081; x_wconf 95' lang='lat' dir='ltr'><strong> </strong></span> 
     </span>
    </p>
   </div>
  </div>
 </body>
</html>
