1795 3081
231 77 329 123 252
498 74 564 122 Μ.
598 74 652 121 Τ.
688 73 1028 124 CICERONIS
1062 74 1443 125 EPISTOLAE.

195 200 219 240 4
237 196 489 236 coniectura
516 207 758 246 assequere.
790 193 917 246 Quod
947 193 1000 235 ad
1018 195 1232 235 Tironem
1262 195 1315 235 de
1334 196 1545 237 Terentia
1574 199 1682 237 scri-

232 253 310 298 bis,
343 252 525 289 obsecro
555 255 612 297 te,
643 251 704 287 mi
722 252 883 300 Attice,
913 252 1084 303 suscipe
1105 257 1246 290 totum
1265 254 1501 306 negotium.
1547 252 1683 292 Vides

232 313 275 346 et
304 307 496 345 officium
533 306 606 359 agi
641 318 786 344 meum
824 304 1054 358 quoddam,
1100 307 1171 345 cui
1207 313 1255 345 tu
1292 320 1335 345 es
1373 309 1587 358 conscius,
1625 314 1683 358 et,

230 368 280 400 ut
308 360 511 400 nonnulli
540 365 709 412 putant,
742 359 968 399 Ciceronis
999 374 1105 400 rem.
1164 361 1239 401 Me
1269 361 1444 414 quidem
1472 362 1519 401 id
1543 363 1683 401 multo

230 417 368 470 magis
404 420 566 465 movet,
616 414 732 467 quod
772 416 880 452 mihi
925 422 990 454 est
1028 422 1071 455 et
1111 418 1302 455 sanctius
1347 423 1390 456 et
1435 418 1683 469 antiquius3

230 472 492 524 praesertim
522 483 655 522 quum
685 470 768 509 hoc
803 471 992 512 alterum
1026 484 1165 524 neque
1193 473 1413 511 sincerum
1441 485 1581 526 neque
1609 472 1684 510 fir-

230 539 348 565 mum
377 532 527 579 putem
556 526 664 566 sore.

368 668 683 737 EPISTOLA
718 688 993 738 DXXXVI.
1046 689 1127 748 (ad
1161 691 1264 738 Au.
1299 689 1406 736 XII.
1442 689 1542 748 20.)

228 778 311 813 scr.
339 778 497 812 Asturae
524 782 675 823 postero
704 777 766 811 die
791 783 875 822 post
901 778 1139 822 superiorem
1165 778 1207 811 A.
1226 779 1272 812 U.
1293 778 1333 811 C.
1360 781 1441 814 709.
1470 780 1518 821 (a.
1543 777 1584 812 G.
1605 778 1684 819 45.)

228 849 448 894 Respondet
476 849 595 882 Attici
624 849 762 890 literis,
790 848 972 893 inprimis
999 849 1045 882 ad
1072 850 1149 882 eius
1175 849 1447 890 hortationem,
1476 855 1518 882 ut
1544 861 1581 882 se
1607 853 1683 882 tam

229 898 401 944 graviter
427 897 559 931 dolere
587 897 853 931 dissimularet.
889 899 920 930 1.
960 901 995 930 et
1028 897 1174 940 aliquot
1208 898 1446 940 quaestiones
1480 897 1683 931 historicas

795 945 829 977 ei
857 944 1050 988 proponit.
1077 948 1111 980 2.

731 1027 909 1062 CICERO
936 1028 1114 1062 ATTICO
1141 1027 1176 1061 S.

338 1101 548 1143 Nondum
575 1100 741 1140 videris
772 1102 1038 1153 perspicere,
1079 1114 1207 1152 quam
1247 1113 1316 1139 me
1351 1113 1431 1139 nec
1465 1099 1680 1140 Antonius

228 1159 521 1198 commoverit
549 1170 628 1196 nec
658 1155 893 1208 quidquam
933 1158 1019 1196 iam
1059 1155 1273 1194 eiusmodi
1312 1157 1449 1208 possit
1489 1169 1680 1194 commo-

225 1228 344 1254 vere.
402 1214 467 1252 De
498 1212 709 1251 Terentia
746 1218 890 1250 autem
927 1213 1084 1263 scripsi
1115 1210 1168 1249 ad
1203 1217 1245 1249 te
1285 1211 1340 1249 iis
1376 1212 1535 1262 literis,
1576 1224 1680 1263 quas

227 1269 433 1308 dederam
462 1266 620 1325 pridie.
680 1266 807 1318 Quod
837 1280 905 1305 me
943 1267 1151 1316 hortaris,
1193 1265 1324 1318 idque
1362 1279 1386 1304 a
1418 1267 1576 1305 ceteris
1607 1265 1679 1305 de-

225 1324 415 1364 siderari
444 1323 617 1371 scribis,
658 1329 708 1360 ut
747 1321 1016 1361 dissimulem
1047 1335 1115 1360 me
1144 1327 1234 1360 tam
1265 1322 1463 1376 graviter
1493 1320 1677 1368 dolere3

225 1391 457 1433 possumne
486 1378 640 1432 magiS,
679 1390 807 1429 quam
837 1391 969 1429 quum
1001 1383 1116 1416 totos
1147 1375 1237 1420 dies
1268 1389 1474 1415 consumo
1504 1378 1551 1414 in
1578 1377 1679 1414 lite-

225 1436 321 1474 ris?
380 1432 507 1485 Quod
546 1433 627 1471 etsi
657 1445 744 1470 non
775 1431 1150 1481 dissimulationis,
1194 1430 1269 1470 sed
1297 1433 1444 1484 potius
1486 1430 1679 1470 leniendi

224 1497 268 1530 et
296 1487 477 1528 sanandi
506 1488 641 1526 animi
671 1500 800 1525 causa
828 1489 960 1538 facio,
1002 1494 1161 1536 tamen,
1197 1488 1235 1524 si
1265 1486 1374 1525 mihi
1403 1488 1545 1525 minus
1573 1499 1677 1539 pro-

181 1546 340 1595 2ficio‚
378 1543 653 1589 simulationi
687 1548 808 1581 certe
850 1544 966 1584 facio
1008 1544 1126 1584 satis.
1198 1541 1348 1581 Minus
1385 1542 1525 1581 multa
1552 1541 1606 1580 ad
1634 1547 1678 1580 te

318 1685 352 1718 ll.
403 1687 437 1715 et
464 1680 559 1726 offic,
585 1684 651 1727 agi
674 1694 720 1716 m.
748 1682 891 1727 quodsi„
917 1680 998 1713 dass
1026 1680 1133 1714 einer
1159 1679 1255 1715 Seits
1281 1680 1406 1718 meine
1433 1678 1572 1712 Pflicht
1598 1678 1678 1714 und

221 1729 327 1765 Ehre
354 1729 461 1764 dabei
485 1729 674 1763 betroffen
702 1729 772 1770 ist3
800 1728 951 1763 and'rer
965 1727 1062 1761 Seits
1090 1728 1151 1760 <las
1171 1728 1358 1760 Interesse
1384 1727 1527 1761 meines
1554 1726 1676 1760 Sohns

223 1779 370 1816 CicerO.
418 1777 452 1812 S.
482 1788 538 1822 ep.
567 1779 649 1818 533,
675 1779 708 1810 2.
745 1794 788 1801 -—
822 1788 876 1810 me
903 1777 1043 1821 quidem
1069 1776 1110 1808 id
1139 1775 1224 1810 scil.
1262 1775 1435 1808 officium
1463 1787 1600 1808 meum.
1636 1774 1673 1810 S.

222 1826 330 1871 epist.
359 1827 439 1861 538.
467 1843 510 1849 —
536 1825 603 1858 hoc
628 1826 830 1859 alterum..
848 1824 1027 1867 .firmum.
1055 1823 1262 1864 „Terentia
1290 1834 1426 1866 neque,
1453 1828 1495 1855 ut
1523 1822 1674 1866 opinor,

222 1875 367 1924 cogitat
395 1873 440 1907 de
466 1871 541 1905 filii
568 1884 633 1914 re,
673 1884 788 1916 quum
829 1871 996 1917 cogitare
1023 1882 1060 1904 se
1086 1871 1260 1909 simulet:
1297 1875 1344 1910 et,
1384 1871 1414 1904 si
1440 1870 1596 1917 cogitat,
1634 1870 1675 1911 in

220 1921 408 1956 sententia
435 1931 512 1953 non
536 1920 820 1964 per1nanebit.“
869 1920 984 1952 Notat
1009 1919 1195 1951 malitiam
1221 1918 1438 1958 Terentiae,
1475 1930 1590 1961 quum
1619 1917 1675 1950 di-

221 1970 275 2008 cit
300 1982 409 2015 neque
434 1972 635 2009 sincerum‚·
661 1967 870 2008 levitatem,
897 1979 1015 2011 quum
1041 1966 1146 1999 addit
1171 1979 1282 2011 neque
1299 1967 1462 2009 firmum.
1495 1965 1673 2000 MANUT.

220 2017 402 2057 Terentia
427 2015 572 2050 behielt
598 2017 738 2050 immer
762 2015 859 2050 freie
885 2015 1009 2057 Hand,
1038 2014 1132 2048 iiber
1158 2014 1222 2053 ihr
1242 2014 1459 2062 Vermtigen
1485 2013 1583 2047 nach
1608 2013 1675 2047 Be-.

219 2065 350 2104 lieben
375 2076 424 2096 zu
451 2065 651 2111 verffigen.

320 2139 352 2170 1.
402 2137 585 2169 Antonius
610 2140 698 2168 statt
724 2134 882 2168 Antonii
908 2134 1071 2173 reditus3
1098 2133 1174 2167 wie
1202 2144 1258 2177 ep.
1286 2133 1460 2173 DXXXV,
1487 2134 1510 2167 2
1535 2134 1576 2166 de
1601 2135 1674 2167 An.-

220 2187 334 2218 tonia.
361 2202 407 2207 —
435 2185 475 2216 dc
500 2184 669 2216 Ter-entia
703 2183 736 2216 d.
763 2184 786 2216 i.
813 2194 948 2229 wegen
973 2181 1145 2227 baldiger
1171 2180 1544 2228 Zuriickbezahlung
1570 2181 1672 2215 ihres

221 2231 302 2265 ihm
336 2231 622 2278 zugebrachten
658 2230 963 2264 betr‘zichtlichen
998 2230 1259 2275 Verm'o'gens3
1303 2228 1398 2262 auch
1437 2240 1574 2276 weg-en
1609 2229 1672 2262 des

219 2280 465 2313 Testaments.
497 2297 536 2303 —
564 2292 586 2311 α
613 2283 738 2312 ceteris
763 2278 910 2310 amicis.
938 2296 984 2301 —
1006 2289 1195 2321 possumne
1220 2279 1351 2322 magis,
1388 2276 1471 2309 scil.
1501 2276 1674 2310 dissimu»

220 2327 325 2368 lare,
352 2337 512 2373 vermag
538 2326 603 2359 ich
630 2326 733 2359 deun
761 2326 824 2358 das
850 2324 960 2358 mehr
985 2337 1032 2357 zu
1058 2323 1180 2357 thun?
1217 2342 1261 2348 —
1302 2336 1408 2370 quam
1435 2336 1542 2370 quum
1567 2329 1672 2358 totos.

219 2373 284 2408 Sic
311 2374 449 2418 scripsi
476 2374 521 2407 de
548 2374 577 2407 Ι.
604 2373 667 2409 Fr.
698 2373 888 2407 Gronovii
915 2372 1110 2406 sententia.
1147 2384 1255 2417 quam
1282 2373 1376 2407 (ruod
1400 2377 1427 2405 t.
1456 2371 1528 2404 Md.
1552 2371 1669 2409 Oxon,

219 2426 250 2458 1.
278 2424 310 2457 2.
337 2428 407 2455 cet.
436 2423 550 2467 (quod
573 2427 699 2454 ortum
727 2434 772 2455 ex
800 2422 936 2466 quam).
963 2423 1093 2466 magis,
1131 2421 1194 2464 qui
1218 2419 1263 2452 de
1290 2419 1441 2463 Malasp.
1470 2424 1506 2452 et
1531 2419 1671 2452 Faerni

156 2481 161 2485 ·
219 2482 318 2514 susp.
345 2469 472 2502 Lamb.
500 2469 594 2502 Ern.
616 2469 703 2502 Sch.
722 2470 816 2503 Liin.
846 2470 920 2501 ΟΒ.
946 2486 990 2492 -
1016 2472 1053 2501 in
1074 2469 1205 2507 literis,
1231 2467 1301 2499 mit
1320 2468 1442 2500 Lesen
1462 2479 1496 2499 u.
1517 2466 1670 2500 Schrei-

218 2517 304 2552 ben.
338 2536 385 2547 -.-
418 2516 727 2560 tamen...facio
751 2519 857 2556 satis,
896 2527 960 2556 „so
994 2516 1086 2548 thue
1120 2515 1197 2555 ich,
1229 2526 1347 2548 wenn
1382 2514 1448 2547 ich
1481 2514 1578 2547 auch
1609 2515 1672 2547 fiir

219 2564 323 2598 mich
348 2565 389 2598 in
416 2563 595 2598 Hinsicht
631 2564 777 2597 meines
803 2564 1028 2598 Schmerzes
1063 2575 1110 2595 zu
1148 2563 1279 2608 wenig·
1313 2562 1431 2594 (lamit
1466 2561 1669 2599 ausrichte,

220 2612 319 2646 doch
352 2613 483 2645 sicher
516 2614 579 2644 fiir
604 2611 858 2658 Verhehlung
891 2611 1086 2644 desselben
1123 2621 1261 2657 genug.
1298 2609 1452 2650 „Ueber
1485 2608 1545 2641 die
1572 2609 1670 2641 Ana-

219 2659 375 2704 strophe
401 2672 426 2693 s.
455 2659 606 2692 Ramsh.
635 2663 663 2700 §.
691 2661 772 2700 206,
799 2659 838 2701 B,
868 2661 899 2692 1.
938 2658 1101 2692 VVarum
1128 2669 1170 2690 er
1194 2657 1325 2690 seinen
1353 2657 1535 2690 Schmerz
1563 2655 1674 2689 nicht

220 2720 259 2742 so
294 2707 385 2741 sehr
416 2708 530 2742 sollte
565 2707 727 2742 mex-ken
761 2707 897 2749 lassen,
931 2706 1033 2754 zeigt
1067 2705 1154 2743 Sch.
1189 2716 1276 2737 zum
1309 2704 1400 2751 folg.
1433 2704 1493 2738 ΒΓ.
1521 2704 1550 2746 §.
1576 2705 1608 2739 2.
