1795 3081
14 0 32 220 ι
327 59 650 111 EPISTOLA
685 58 962 110 DLXXVI.
997 59 1305 111 DLXXVH.
1453 63 1552 112 319

209 183 530 233 EPISTOLA
566 181 839 230 DLXXVI.
906 180 989 240 (ad
1023 181 1126 230 Att.
1161 183 1270 230 XII.
1306 182 1408 239 46.)

18 223 24 425 1
198 272 281 310 scr,
310 273 352 305 in
378 271 523 305 Antiati
547 271 649 316 prid.
678 271 734 307 Id.
763 271 849 303 lun.
876 268 918 307 A.
946 271 990 305 [J.
1020 271 1060 305 c,
1086 274 1167 307 709.
1211 273 1255 314 (a.
1285 271 1325 307 c,
1351 273 1429 315 45.)

315 344 461 380 Scribit
485 355 525 379 se
549 343 726 377 Lanuvio
752 342 794 375 in
819 342 1084 376 Tusculanum
1111 342 1315 380 exiturum.

582 415 760 450 CICERO
799 413 982 449 ATTICO
1017 414 1052 448 S.

25 492 28 540 l
188 488 395 538 Vincam,
448 490 624 542 opinor,
677 489 874 527 animum
925 493 970 526 et
1013 487 1219 527 Lanuvio
1270 503 1450 545 pergam
1501 491 1549 531 in

24 541 28 600 Ι
77 545 392 585 Tusculanum.
462 545 551 584 Aut
591 545 706 584 enim
749 543 861 581 mihi
901 544 948 581 in
987 550 1250 596 perpetuum
1291 545 1428 584 fundo
1465 547 1548 585 illo

25 601 28 644 ἰ
78 599 316 640 carendum
347 605 438 639 est:
468 621 523 628 —-—
552 613 653 638 nam
683 599 813 639 dolor
841 597 959 638 idem
988 599 1199 650 manebit,
1243 606 1415 640 tantum
1452 615 1548 640 mo-

24 647 28 707 !
77 656 262 695 destius:
296 677 347 684 —
378 660 455 694 aut
492 656 641 694 nescio
684 653 791 707 quid
830 655 1023 704 intersit,
1076 660 1228 694 utrum
1274 656 1385 694 illue
1429 670 1548 696 nunc

24 711 28 752 ἱ
74 713 266 760 veniam,
297 724 352 749 an
382 709 438 749 ad
467 710 618 750 decem
649 723 798 749 annos.
847 708 1002 762 Neque
1033 711 1149 748 enim
1180 712 1264 749 ista
1295 713 1441 750 maior
1470 712 1547 751 ad-

24 759 26 763 *
75 767 280 816 monitio,
311 779 441 818 quam
471 767 629 818 quibus
659 765 831 805 assidue
862 766 1077 804 conficior
1105 772 1150 805 et
1179 765 1271 805 dies
1310 773 1353 805 et
1381 774 1546 808 noctes.

24 821 27 873 ἰ
76 821 193 873 Quid
223 824 358 877 ergo?
390 823 588 874 inquies:
620 822 735 860 nihil
764 821 950 860 literae?
990 820 1040 858 In
1070 820 1153 859 hac
1184 820 1361 873 quidem
1391 835 1441 861 re
1471 836 1548 862 ve-

75 890 180 916 reor
208 889 262 916 ne
293 878 427 916 etiam
458 884 639 916 contra:
671 890 771 916 nam
802 889 938 915 essem
959 877 1147 915 fortasse
1171 875 1343 916 durior.
1386 877 1547 917 Excul-

25 980 26 985 ¹
75 938 121 971 to
153 933 270 971 enim
300 933 447 972 animo
478 933 592 971 nihil
623 938 811 988 agreste,
843 932 957 970 nihil
987 931 1275 971 inhumanum
1307 939 1383 973 est.

213 1120 534 1170 EPISTOLA
569 1119 876 1170 DLXXVII.
927 1118 1009 1178 (ad
1036 1119 1137 1168 Att.
1167 1120 1278 1169 XII.
1310 1121 1411 1180 47.)

120 1209 201 1244 Ser.
228 1209 269 1241 in
290 1209 509 1243 Tusculano
534 1208 634 1245 XVI.
661 1209 745 1242 Kal.
774 1209 906 1252 Quint.
935 1208 978 1242 A.
1005 1209 1050 1243 U.
1079 1208 1118 1244 C.
1143 1211 1229 1246 709.
1266 1210 1313 1251 (a.
1342 1209 1382 1244 C.
1410 1210 1488 1253 45.)

163 1281 220 1316 De
248 1280 440 1316 Clodianis
465 1280 590 1315 hortis
617 1281 788 1315 emendis
813 1281 976 1325 aliisque
1004 1281 1115 1315 rebus
1141 1280 1326 1317 breviter.
1355 1285 1460 1319 1—-3,

390 1328 395 1332 ’
581 1352 762 1387 CICERO
796 1353 976 1388 ATTICO
1013 1353 1048 1388 S.

186 1424 258 1464 Tu
287 1426 445 1481 igitur,
475 1431 525 1465 ut
553 1426 800 1478 scripsisti3
831 1439 912 1466 nec
941 1425 987 1465 id
1016 1425 1296 1467 incommodo
1327 1434 1419 1470 tuo.
1456 1427 1546 1470 Vel

75 1482 205 1521 binae
235 1482 352 1521 enim
380 1487 593 1534 poterunt
622 1481 794 1520 literae.
854 1481 1099 1522 Occurram
1124 1484 1275 1534 etiam,
1305 1484 1343 1522 si
1368 1496 1546 1525 necesse

73 1598 196 1629 miisse
224 1595 287 1628 das
313 1595 536 1630 Machwerk
563 1596 627 1630 des
653 1596 806 1629 Hirtius
834 1596 1038 1629 b‘ffentlich
1066 1597 1238 1631 bekannt
1263 1597 1443 1641 macheu,
1479 1599 1546 1633 da·

73 1643 146 1676 mit
172 1643 299 1676 dieser
324 1655 439 1676 unser
461 1644 624 1678 Gb'nner
649 1645 690 1677 in
709 1644 931 1678 demselben
952 1644 1234 1692 Augenblicke‚
1259 1657 1320 1680 wo
1346 1659 1434 1680 man
1460 1648 1546 1681 sein

73 1690 214 1724 Talent
238 1703 286 1724 zu
311 1691 467 1735 preisen
500 1692 672 1734 scheine,
698 1693 764 1726 fiir
798 1692 873 1726 den
899 1693 1060 1734 Einfall‚
1099 1695 1168 1726 auf
1191 1695 1302 1728 einen
1329 1694 1420 1729 Cato
1455 1696 1546 1730 eine

74 1738 199 1772 Satire
226 1751 274 1771 zu
300 1738 515 1779 schreibem
543 1740 699 1786 tiichtig
734 1740 959 1788 ausgelacht
985 1741 1157 1775 werde.“
1206 1743 1308 1776 Nam
1336 1743 1542 1790 ingenium

74 1787 274 1868 scriptogis
299 1787 455 1831 probari
480 1793 617 1833 potest,
645 1789 792 1823 etiamsi
815 1789 858 1822 in
876 1794 1104 1837 argumento
1123 1789 1294 1825 elaboret
1317 1792 1542 1836 neutiquam

74 1835 220 1879 proban
249 1845 281 1868 ο.
322 1837 425 1869 SCH.

167 1909 201 1941 1.
257 1907 408 1941 Vincam
434 1912 610 1949 animum,
647 1906 713 1941 ich
740 1908 827 1942 will
859 1910 935 1942 mir
969 1909 1071 1944 noch
1097 1909 1160 1944 die
1188 1910 1342 1945 Gewalt
1379 1912 1542 1951 anthun,

74 1953 123 1987 So
160 1965 216 1999 ep.
250 1955 454 1989 DLXXIV:
494 1959 575 1991 vici.
611 1974 655 1981 -
689 1958 897 1999 modestius,
934 1958 1093 1992 minder·
1125 1958 1265 2006 heftig.
1316 1958 1382 1994 Sic
1408 1960 1472 1994 Cd.
1501 1962 1543 1994 in

73 2014 141 2037 ms,
168 2004 272 2037 1584.
306 2004 412 2048 prob.
442 2005 580 2039 Graev.
608 2007 860 2038 tantummodo
887 2009 1003 2040 actius
1029 2006 1101 2039 Md.
1132 2006 1246 2042 Oxon.
1271 2011 1303 2042 1.
1322 2010 1357 2043 2.
1383 2008 1480 2046 Vict,
1508 2013 1541 2044 1.

73 2052 326 2084 tautummodo
353 2055 449 2086 ocius
482 2053 565 2087 Asc.
594 2057 627 2089 1.
664 2053 767 2090 Crat.
796 2059 941 2087 tantum
966 2056 1185 2089 mediocrius
1219 2057 1317 2089 Man.
1354 2062 1426 2091 cet.
1464 2059 1541 2092 ΟΒ.

72 2116 120 2123 ·-
145 2099 363 2138 admonitio,
401 2100 655 2150 Erinnerung
688 2113 736 2134 an
774 2102 916 2136 Tullia.
956 2121 1003 2128 —
1039 2104 1138 2137 nihil
1161 2105 1291 2138 literae
1325 2104 1540 2139 adiuvant?

73 2164 118 2171 —
144 2159 186 2180 ne
213 2150 326 2180 etiam
354 2155 480 2182 contra
505 2150 530 2182 i.
560 2162 591 2184 e.
629 2162 677 2183 ne.
704 2161 765 2183 me
791 2151 929 2184 literae
963 2151 1087 2198 magis
1122 2151 1168 2185 ad
1202 2152 1403 2186 tristitiam
1439 2153 1541 2187 mol-

73 2193 183 2227 liant.
212 2196 315 2228 SCH.
343 2216 389 2221 —
414 2209 499 2231 nam
525 2198 608 2233 sine
638 2199 774 2240 literis,
802 2198 827 2231 i.
849 2210 879 2232 e.
908 2199 937 2232 si
964 2199 1175 2233 illiteratus
1202 2211 1334 2243 essem,
1360 2202 1542 2243 ...duriam

72 2241 213 2283 h'rirter,
250 2245 499 2291 geffihlloser.
537 2266 582 2271 —
615 2248 785 2280 Exculto.
828 2247 957 2280 Facile
993 2247 1186 2291 requires:
1226 2251 1263 2282 in
1290 2251 1430 2283 exculto
1457 2250 1540 2284 sive

75 2293 233 2334 expolito
265 2306 298 2328 a.
344 2295 418 2327 ΟΒ.
456 2313 503 2318 --
541 2295 790 2329 inhumanum.
842 2295 1043 2339 Exprimit
1087 2296 1245 2330 eandem
1291 2299 1539 2340 sententiam,

73 2350 185 2381 quam
213 2341 324 2431 Ροέῗῖει
351 2342 404 2375 sic
430 2342 622 2376 reddidit:
657 2344 838 2378 Didicisse
855 2345 1020 2387 fideliter·
1044 2348 1142 2380 artes
1168 2347 1309 2379 emollit
1334 2358 1452 2382 mores
1476 2359 1541 2381 nec

70 2389 161 2420 sinit
186 2399 255 2420 esse
301 2401 389 2423 eros.

166 2460 200 2491 1.
252 2460 303 2492 Tu
329 2463 449 2505 igitur
474 2462 519 2495 ad
545 2475 606 2498 me
633 2465 762 2498 venies
790 2464 831 2496 in
857 2464 1126 2498 Tusculanum.
1165 2482 1211 2490 —
1242 2477 1307 2498 nec
1332 2464 1374 2498 id
1396 2465 1537 2499 iucom-

25 2526 26 2531 =
70 2507 177 2539 modo
216 2512 293 2548 tuo,
330 2508 467 2543 iedoch
502 2511 613 2544 nicht
656 2514 728 2545 mit
762 2512 906 2545 Deiner
940 2513 1166 2561 geringsten
1199 2512 1462 2561 Beliistigung.
1494 2532 1536 2539 —

69 2560 251 2598 poterunt.
296 2556 358 2589 Sic
392 2558 530 2592 Manut.
564 2559 675 2603 Seqq.
712 2560 872 2593 Malim:
919 2562 1024 2595 binae
1067 2565 1162 2596 enim
1198 2566 1259 2595 sat
1297 2566 1414 2595 crunt.
1457 2562 1536 2596 ΟΒ.

25 2605 26 2612 ’
72 2602 294 2645 Priusquam
323 2604 453 2639 adme
480 2607 620 2645 venias,
664 2608 726 2641 vel
761 2607 869 2640 binas
905 2613 1067 2653 uterque
1103 2610 1192 2643 dare
1228 2609 1361 2642 literas
1386 2609 1536 2653 poteri-

70 2660 163 2686 mus.
190 2652 369 2686 MANUT.
397 2670 440 2677 —-
467 2666 668 2692 occurram,
705 2655 735 2688 si
770 2661 811 2687 iu
846 2656 892 2688 ad
919 2669 980 2690 me
1007 2658 1133 2690 minus
1163 2656 1361 2690 commode
1386 2658 1536 2701 poteris

66 2699 216 2739 venire,
243 2699 282 2731 in
310 2699 395 2733 loco
423 2701 586 2744 quodam
626 2703 727 2736 inter
752 2703 1013 2738 Tusculanum
1051 2710 1086 2738 et
1114 2705 1270 2738 Romam
1299 2704 1534 2739 intermedio
