1795 3081
220 112 286 159 96
489 105 555 153 Μ.
581 105 633 154 Τ.
672 103 1015 155 CICERONIS
1052 105 1437 158 EPISTOLAE.

222 230 446 276 Fannium,
477 226 554 279 qui
583 224 763 277 scripsit
790 223 1036 271 historiam,
1068 238 1278 281 generum
1299 239 1390 265 esse
1420 225 1686 278 scripseram
1794 261 1795 270 ,

224 286 393 327 Laelii:
424 282 500 322 sed
529 287 578 320 tu
606 293 676 319 me
704 281 1007 335 γεωμετρικῶς
1035 283 1286 321 refellet-as:
1319 288 1362 320 te
1392 287 1540 320 autem
1570 289 1685 317 nunc
1793 278 1795 336 l

222 343 385 382 Brutus
413 343 457 377 et
485 337 686 375 Fannius.
744 336 835 391 Ego
866 343 1011 375 tamen
1042 335 1095 376 de
1125 335 1239 376 bono
1267 342 1465 385 auctore,
1488 335 1685 374 Horten-
1785 337 1795 382 ,¹

226 399 306 447 sio,
348 395 410 433 sic
450 404 720 444 acceperam,
757 397 809 430 ut
849 391 965 443 apud
1002 392 1186 430 Brutum
1227 397 1303 431 est.
1376 391 1509 429 Hunc
1546 390 1689 445 igitur

183 453 372 493 4locum
411 445 626 501 expedies,
699 446 789 501 Ego
826 447 926 485 misi
957 445 1171 486 Tironem
1202 446 1463 485 Dolabellae
1495 445 1685 484 obviam.

224 509 264 547 Is
296 504 351 544 ad
379 517 448 543 me
477 501 624 541 Idibus
654 507 918 542 revertetur.
968 501 1033 541 Te
1063 502 1323 556 exspectabo
1354 499 1583 554 postridie.
1621 499 1688 538 De

227 561 380 602 Tullia
409 571 506 597 mea
534 558 617 596 tibi
646 557 998 608 antiquissimum
1037 570 1127 597 esse
1166 557 1325 605 video;
1367 555 1500 608 idque
1537 556 1600 594 ita
1638 560 1689 593 ut

227 619 299 666 sit,
330 622 372 654 te
400 613 684 654 vehementer
713 624 836 666 rogo.
897 612 1012 667 Ergo
1054 618 1096 651 et
1126 613 1171 650 in
1202 614 1377 666 integro
1409 611 1579 650 onmia:
1625 611 1688 648 sic

228 674 344 712 enim
376 669 546 709 scribis.
605 667 737 718 Mihi,
768 668 848 705 etsi
879 666 1104 705 Kalendae
1134 667 1338 706 vitandae
1370 669 1565 712 fuerunt,
1607 664 1688 703 Ni·-
1788 620 1794 721 Ι

229 728 539 775 casionumque
568 716 790 775 ἀρχέτυπα
830 721 1037 777 fugienda
1077 721 1460 773 conficiendaeque
1496 720 1690 769 tabulae,

228 782 342 822 nihil
371 787 516 819 tamen
549 778 674 824 tanti,
715 782 765 814 ut
801 789 826 814 a
865 783 906 817 te
945 778 1153 827 abessem,
1193 779 1291 815 fuit.
1352 776 1495 828 Quum
1525 775 1691 814 Romae
1788 724 1793 854 1

230 850 366 877 essem
396 840 440 874 et
468 839 512 873 te
548 833 636 871 iam
675 832 850 883 iamque
885 833 1085 870 visurum
1128 845 1196 870 me
1236 838 1450 884 putarem,
1492 829 1692 882 quotidie
1777 828 1792 914 4,

228 900 376 933 tamen
428 889 578 933 horae,
634 887 792 939 quibus
840 888 1158 939 exspectabam,
1208 887 1365 941 longae
1410 885 1691 925 videbantur.
1788 879 1792 923 l

230 947 326 987 Scis
355 957 424 983 me
453 943 634 981 minime
678 954 769 980 esse
798 940 1018 982 blandum.
1089 942 1241 995 Itaque
1279 943 1423 980 minus
1464 941 1693 993 aliquanto

229 1003 347 1052 dico,
378 1012 508 1052 quam
535 997 691 1037 sentio.

233 1150 389 1177 anor-um
414 1142 593 1185 scriptum
620 1139 716 1185 quod
740 1143 819 1172 erat
845 1140 882 1173 in
915 1142 1081 1174 extremo.
1126 1140 1189 1174 Sic
1217 1152 1275 1184 ep.
1312 1139 1357 1172 ad
1385 1137 1500 1173 Attio.
1528 1139 1632 1180 X111‚
1659 1140 1692 1173 8.

233 1193 476 1225 memoratur
501 1187 609 1219 Bruti
636 1184 802 1231 epitome
828 1184 1096 1221 Caelianorum
1127 1189 1150 1222 i.
1178 1200 1207 1224 e.
1236 1185 1420 1221 historiae
1447 1199 1467 1220 a
1493 1187 1535 1220 L.
1563 1186 1694 1221 Caelio

232 1237 435 1281 Antipatro
470 1235 724 1279 conscriptae.
772 1231 899 1268 Ueber
932 1236 972 1269 C.
1006 1234 1191 1277 Fannius,
1224 1237 1270 1270 M.
1305 1235 1407 1268 filius
1440 1247 1466 1269 s,
1499 1235 1604 1269 Brut.
1637 1235 1695 1268 21.

232 1287 291 1322 26.
319 1287 377 1320 87.
413 1282 458 1316 de
485 1282 583 1317 Orat.
609 1282 660 1324 11,
685 1284 741 1317 67.
782 1280 937 1319 Tuscul.
965 1284 1031 1325 lv,
1060 1286 1113 1318 17.
1150 1283 1195 1317 de
1222 1285 1342 1330 Legg.
1370 1285 1405 1323 1,
1432 1284 1466 1317 2.
1506 1282 1553 1315 ad
1579 1282 1697 1315 Attio.

234 1333 305 1376 IV,
335 1334 389 1367 16.
428 1330 583 1365 Vossius
610 1330 656 1364 de
684 1330 867 1363 Historic.
894 1328 975 1364 Lat.
1004 1335 1037 1369 1,
1063 1334 1095 1366 7.
1123 1349 1166 1356 —
1200 1335 1419 1376 scripseram
1446 1341 1477 1363 c⁵
1505 1332 1564 1365 26.
1602 1329 1696 1362 libri

235 1380 282 1414 de
318 1378 431 1413 claris
467 1377 691 1415 oratoribus,
726 1388 841 1421 quem
880 1376 989 1411 initio
1024 1377 1139 1412 huius
1166 1379 1270 1418 anni,
1311 1378 1454 1411 Catone
1483 1378 1696 1411 etiamnum

235 1428 341 1468 vivo,
376 1423 594 1470 scripserat.
631 1425 732 1460 SCH.
767 1443 814 1449 —
849 1438 1080 1472 γεωμετρ.,
1116 1437 1195 1459 non
1230 1427 1358 1459 minus
1393 1430 1499 1459 certa
1536 1425 1696 1465 ratione,

236 1487 351 1521 quam
379 1485 452 1517 qua
481 1477 698 1520 geometrae
723 1477 898 1507 utuntur.
925 1464 1037 1508 LUN.
1065 1493 1111 1498 —
1135 1476 1239 1508 Brut.
1261 1479 1294 1507 et
1308 1476 1471 1507 chm'us
1495 1473 1696 1506 refellunt.
1782 1478 1787 1523 j

235 1542 284 1549 --
310 1521 504 1557 Hortensio
539 1525 690 1554 oratore
726 1526 764 1554 et
795 1516 978 1556 historiae
1012 1520 1147 1566 perito.
1188 1522 1317 1556 Einen
1343 1517 1490 1554 andern
1514 1519 1603 1554 Fau
1628 1520 1698 1553 der
1782 1527 1787 1551 ί

236 1571 308 1606 Art
335 1568 511 1604 erw'aihnt
544 1578 588 1602 er
621 1567 667 1601 ad
699 1567 812 1601 Attio.
842 1567 946 1611 XIII,
971 1572 1032 1611 30,
1057 1573 1079 1605 3
1115 1569 1171 1611 (h.
1198 1569 1256 1603 ed.
1283 1569 1402 1612 590.):
1440 1568 1606 1611 „Videor
1629 1581 1698 1602 au·
1782 1564 1787 1579 '¹

236 1621 330 1654 disse
361 1630 400 1652 ex
426 1618 620 1650 Hortensio
653 1617 874 1650 Tuditanum
913 1617 955 1649 in
991 1617 1125 1652 decem
1159 1617 1329 1651 Memmii
1368 1614 1507 1664 legatis
1541 1616 1698 1650 fuisse.“
1780 1643 1781 1647 ,

236 1685 284 1694 ——
302 1667 404 1713 apud
413 1667 579 1704 Brutum,
596 1661 637 1696 in
655 1661 824 1697 meinem
842 1663 993 1698 Brutus.
1007 1684 1054 1690 —
1072 1666 1197 1699 Hunc.
1212 1691 1218 1699 .
1231 1690 1239 1698 .
1252 1667 1425 1712 expedies,
1446 1663 1577 1699 diesen
1591 1664 1698 1698 Kno·
1780 1670 1785 1700 ζ’

237 1720 305 1750 ten
331 1714 411 1748 also
437 1712 546 1747 wirst
571 1709 631 1745 Du
655 1710 878 1745 aufzulosen
904 1713 1066 1750 suchen.
1779 1705 1783 1717 '

333 1785 368 1818 4.
418 1784 543 1819 Idibus
569 1781 707 1825 Quint,
734 1795 793 1816 am
817 1785 872 1818 15.
901 1784 1035 1818 lulius.
1056 1804 1102 1809 —
1122 1787 1237 1831 antiq.
1266 1798 1336 1820 esse
1360 1786 1475 1827 video,
1503 1784 1569 1819 ich
1594 1783 1697 1827 sebe,

238 1832 313 1869 wie
339 1831 515 1866 sehr-Du
541 1826 615 1865 Dir
640 1831 703 1864 das
728 1830 836 1865 Beste
874 1833 1026 1866 meiner
1051 1833 1179 1866 Tullia
1205 1834 1422 1882 ang-elegen
1449 1833 1532 1867 sein
1558 1831 1698 1867 lassest.

238 1899 285 1909 -
311 1882 415 1926 idque
440 1882 496 1913 ita
523 1884 563 1912 ιιΐ
586 1882 648 1920 sit,
675 1878 791 1911 damit
816 1880 1090 1914 fortzufahren.
1127 1880 1163 1914 S.
1192 1888 1247 1926 ep.
1264 1884 1347 1922 404,
1374 1885 1408 1917 3.
1435 1882 1517 1917 [412.
1543 1882 1615 1917 392
1639 1892 1699 1913 am

239 1929 365 1971 Ende,
391 1930 460 1963 391
488 1927 540 1960 im
565 1925 668 1961 Anf..
695 1929 764 1962 387
790 1938 824 1961 u.
852 1939 878 1962 ε.
905 1940 955 1962 w.
982 1947 1029 1954 -—-
1062 1929 1165 1973 Ergo
1192 1934 1235 1962 ct.
1263 1929 1437 1963 Fortasse
1464 1931 1507 1971 ei,
1533 1927 1698 1963 Tulliae.
1776 1919 1779 1954 -Ι

243 1979 318 2012 OR.
346 1976 453 2019 „Vor
478 1974 546 2021 der
571 1974 681 2008 Hand
706 1975 754 2007 ist
779 1975 870 2016 also,
896 1975 972 2010 wie
998 1976 1058 2009 Du
1083 1976 1282 2019 schreibst,
1312 1976 1415 2011 noch
1441 1975 1581 2012 Nichts
1607 1987 1697 2010 ver·
1750 1990 1753 1993 ¹
1775 1962 1778 2004 l

240 2025 394 2059 loren.“
444 2023 619 2064 Nullum,
657 2028 702 2056 ut
726 2022 871 2063 scribis,
910 2023 1130 2068 periculum
1165 2029 1233 2064 est,
1276 2037 1324 2059 ne
1362 2025 1456 2070 quid
1481 2024 1614 2059 Tullia
1650 2023 1697 2057 de
1773 2024 1777 2068 ᾗ

242 2073 331 2107 dote
355 2070 510 2117 perdat:
538 2070 580 2103 in
606 2069 758 2119 integro
778 2070 902 2104 adhuc
921 2072 1050 2105 omnia
1071 2077 1170 2106 sunt.
1199 2073 1299 2108 SCH.
1328 2073 1383 2107 De
1397 2072 1548 2107 Tulliae
1569 2071 1700 2105 divor·
1773 2071 1777 2099 l

240 2121 295 2155 tio
328 2119 410 2153 vid.
444 2129 500 2163 ep.
533 2116 616 2154 416.
651 2121 733 2162 417,
766 2122 799 2155 3.
839 2136 886 2144 -—
927 2123 995 2154 etsi
1023 2122 1210 2154 Kalendae
1245 2118 1435 2163 Quintiles
1469 2118 1698 2166 praeteritae

240 2164 344 2203 mihi
369 2166 547 2201 vitandae
571 2168 743 2209 fuerunt,
779 2179 826 2201 ne
860 2166 960 2201 mihi
996 2163 1208 2202 creditores
1242 2168 1394 2202 molesti
1420 2174 1557 2210 essent,
1593 2172 1699 2201 ante-

241 2227 356 2262 quam
383 2224 441 2250 res
467 2213 705 2262 argentariae
731 2227 752 2248 a
776 2220 827 2257 te,
865 2214 1000 2254 Attice,
1040 2221 1163 2250 essent
1197 2217 1407 2261 expeditae.
1458 2217 1531 2251 Am
1556 2215 1698 2249 Ersten

243 2265 348 2299 eines
374 2262 549 2298 Monaths
582 2269 750 2297 mussten
786 2263 848 2297 die
874 2263 1016 2297 Zinsen
1042 2276 1079 2296 u.
1110 2276 1134 2298 s,
1161 2273 1208 2298 w.
1243 2263 1397 2297 bezahlt
1422 2264 1601 2306 werden3
1637 2275 1698 2296 am

241 2313 385 2347 Ersten
419 2307 582 2345 wurden
613 2310 675 2344 die
700 2310 915 2354 Capitalien
944 2311 1204 2359 ausgeliehen.
1254 2312 1344 2344 Man
1381 2311 1507 2359 denke
1543 2322 1619 2345 nur
1650 2322 1700 2345 an

241 2363 367 2395 tristes
392 2360 560 2394 calendae
592 2358 725 2392 Horat.
751 2358 824 2395 Sat.
853 2359 883 2401 1,
910 2362 944 2399 3,
969 2362 1025 2396 87.
1061 2358 1182 2404 Epod.
1221 2360 1270 2401 11,
1305 2362 1361 2396 70.
1401 2359 1506 2395 ovid.
1542 2358 1698 2393 Remed.

240 2410 325 2445 561.
349 2426 397 2434 --
432 2408 667 2442 Νίςαεὶοηιινη
692 2408 953 2440 feneratorum
977 2409 1020 2449 (s.
1049 2407 1201 2441 Verrin.
1228 2408 1326 2441 Orat.
1354 2407 1424 2449 IV,
1451 2409 1530 2451 51.)
1557 2406 1700 2453 ἆρχέ-
1768 2392 1772 2456 Ξ

240 2470 368 2492 tuna
392 2454 417 2489 i.
445 2467 477 2490 e.
505 2454 734 2496 calendaria,
761 2451 804 2487 in
830 2455 967 2499 quibus
995 2454 1150 2489 nomina
1175 2456 1480 2500 perscribuntur,
1512 2454 1699 2501 fugienda
1768 2457 1772 2479 ¹

241 2505 411 2543 fuerunt,
443 2501 625 2551 obgleich
658 2502 722 2535 ich
759 2501 833 2536 den
860 2502 1181 2537 Schuldbiichern
1219 2503 1289 2537 der
1315 2502 1589 2538 Geldm'ackler
1614 2514 1699 2537 aus·
1770 2515 1773 2532 ι

241 2551 420 2587 weichen
454 2551 534 2585 und
559 2550 685 2584 meine
711 2549 976 2598 Rechnungen
1003 2551 1045 2584 in
1072 2550 1257 2599 Ordnung
1281 2551 1448 2599 bringen
1473 2556 1626 2588 musste.
1655 2569 1699 2577 —
1772 2589 1773 2592 Ἴ

241 2605 285 2636 ut
308 2613 333 2634 a
358 2603 392 2634 te
417 2600 584 2639 abessem,
619 2597 699 2631 dass
731 2596 796 2631 ich
829 2598 1119 2647 dessentwe'gen
1157 2609 1196 2632 so
1232 2600 1347 2647 lange
1380 2610 1456 2634 von
1490 2599 1560 2634 Dir
1591 2599 1698 2633 h'atte
1740 2602 1741 2606 ’
1772 2611 1773 2615 ’

243 2649 414 2682 entfernt
447 2647 532 2681 sein
567 2646 646 2680 und
680 2642 782 2680 Dich
816 2645 1030 2681 entbehren
1068 2646 1220 2694 mtigen,
1260 2647 1330 2682 der
1354 2647 1414 2681 Du
1450 2647 1536 2682 iene
1568 2647 1697 2681 meine
1758 2655 1759 2658 ’

241 2695 444 2730 Gesch'zifte
472 2695 692 2742 besorgtest.
719 2692 754 2729 S.
781 2694 808 2737 §.
834 2696 858 2729 2
883 2706 943 2728 am
969 2694 1092 2729 Ende.
1119 2711 1165 2719 --
1201 2698 1279 2729 iam
1303 2698 1461 2742 iamque,
1487 2694 1695 2730 stiindlich.

239 2756 310 2781 esse
324 2745 556 2781 blandum:
568 2741 749 2779 blandiri.
770 2742 855 2792 Vgl.
867 2743 948 2780 442.
985 2743 1075 2778 Dass
1094 2742 1276 2792 iibrigens
1291 2743 1416 2779 dieser
1428 2743 1537 2778 Brief
1549 2743 1602 2777 im
1619 2743 1697 2776 An-
