1795 3081
247 109 344 156 406
549 104 617 151 Μ.
652 104 705 152 Τ.
742 98 1085 151 CICERONIS
1119 99 1495 150 EPISTOLAE.

375 223 695 275 EPISTOLA
730 221 1021 271 DCXXXII.
1092 218 1174 278 (ad
1209 220 1324 268 Div.
1361 220 1445 270 VI.
1481 222 1582 281 20).

403 326 482 360 scr.
510 327 669 360 Asturae
695 328 858 358 exeunte
884 321 986 356 sext.
1019 321 1063 355 A.
1091 321 1136 356 U.
1165 320 1205 355 c.
1231 322 1312 357 709.
1347 321 1398 361 (a.
1419 320 1460 356 c.
1479 322 1557 364 45.)

250 410 414 444 Toranio
443 409 628 444 exsulanti
654 407 799 447 suades,
834 417 881 439 ne
915 416 953 439 se
989 404 1112 445 citius,
1151 415 1265 447 quam
1300 415 1394 450 opus
1419 403 1480 447 sit,
1514 404 1613 446 loco,
1647 404 1711 439 ubi

744 454 804 495 sit,
831 457 1078 487 commoveat.
1114 454 1218 486 1—3.

712 536 892 573 CICERO
943 534 1156 569 TORANIO
1206 534 1240 570 S.

361 611 581 652 Dederam
624 609 780 652 triduo
820 617 920 651 ante
963 610 1117 662 pueris
1149 608 1228 649 Cn.
1258 607 1426 648 Plancii
1463 607 1619 649 literas
1655 608 1711 649 ad

251 676 316 708 te:
359 681 412 708 eo
444 681 562 707 nuuc
595 680 671 706 ero
698 666 884 706 brevior
913 672 1057 717 teque,
1089 670 1140 703 ut
1169 671 1298 703 antea
1320 664 1598 713 consolabar,
1627 663 1711 704 hoc

251 730 453 776 tempore
493 722 695 761 monebo.
775 719 907 760 Nihil
951 726 1061 773 puto
1105 718 1185 758 tibi
1225 732 1318 759 esse
1357 719 1531 768 utilius,
1580 733 1712 771 quam

252 778 415 817 ibidem
449 778 668 831 opperiri,
700 775 847 830 quoad
877 776 996 814 scire
1026 776 1186 827 possis,
1228 774 1337 828 quid
1374 775 1462 814 tibi
1492 772 1713 829 agendum

251 834 324 873 sit.
380 832 493 872 Nam
525 839 705 884 praeter
738 831 1038 884 navigationis
1069 829 1230 881 longae
1262 836 1305 868 et
1335 828 1535 869 hiemalis
1567 835 1612 869 et
1633 831 1713 868 mi-

253 890 371 927 nime
401 894 645 941 portuosae
676 882 942 940 periculum,
975 883 1096 937 quod
1120 885 1350 933 vitaveris,
1383 898 1439 923 ne
1470 883 1583 923 illud
1616 885 1712 937 qui-

252 943 351 982 dem
383 958 469 982 non
503 943 744 995 quantivis,
777 941 942 989 subito,
988 954 1123 991 quum
1156 939 1264 978 certi
1294 937 1467 992 aliquid
1497 938 1711 986 audieris,

252 1005 296 1037 te
329 999 465 1037 istinc
497 1011 624 1050 posse
656 995 897 1050 proficisci.
955 994 1085 1034 Nihil
1125 1002 1192 1034 est
1230 1000 1476 1047 praeterea,
1515 1008 1596 1033 eur
1636 994 1712 1034 ad-

251 1053 459 1092 ventibus
481 1059 523 1092 te
547 1054 709 1091 offerre
731 1052 909 1104 gestias.
953 1049 1100 1089 Multa
1131 1057 1367 1101 praeterea
1400 1056 1566 1099 metuo,
1599 1063 1712 1103 quae

210 1107 350 1148 zeum
398 1108 554 1146 Cilone
603 1114 756 1146 nostro
803 1107 1144 1145 communicavi.
1203 1104 1321 1157 Quid
1362 1103 1534 1146 multa?
1590 1105 1712 1144 Loco

252 1165 585 1216 opportuniore
615 1164 661 1201 in
703 1162 770 1200 his
803 1162 930 1200 malis
971 1161 1095 1199 nullo
1138 1174 1231 1199 esse
1273 1161 1487 1213 potuisti:
1532 1173 1583 1200 ex
1623 1174 1711 1213 quo

251 1225 308 1267 te,
339 1231 604 1270 quocunque
636 1230 746 1269 opus
778 1218 880 1266 erit7
914 1217 1124 1254 facillime
1145 1223 1187 1255 et
1208 1215 1538 1267 expeditissime
1560 1218 1713 1255 conse-

251 1286 334 1312 ras.
399 1273 527 1325 Quod
571 1273 608 1311 si
654 1273 845 1323 recipiet
888 1272 962 1310 ille
1003 1284 1064 1320 se,
1105 1270 1160 1309 ad
1203 1278 1377 1323 tempus
1409 1269 1573 1310 aderis.
1632 1270 1712 1310 Sin

249 1349 302 1354 —
333 1330 541 1381 quoniam
588 1327 728 1366 multa
771 1324 970 1365 accidere
1009 1332 1195 1376 possunt
1231 1348 1283 1355 —
1321 1326 1472 1379 aliqua
1508 1338 1580 1364 res
1611 1338 1714 1365 eum

249 1383 321 1423 vel
353 1383 567 1435 impediet
602 1382 668 1421 vel
702 1383 967 1430 morabitur,
1001 1387 1049 1419 tu
1079 1381 1142 1419 ibi
1168 1382 1273 1431 eris,
1305 1381 1383 1419 ubi
1414 1382 1565 1420 omnia
1595 1383 1712 1421 scire

206 1438 404 1490 3possis.
463 1439 561 1477 Hoc
594 1437 704 1475 mihi
734 1450 921 1489 prorsus
952 1434 1078 1476 valde
1111 1436 1270 1488 placet.
1328 1433 1395 1474 De
1428 1436 1616 1489 reliquo,
1661 1443 1713 1476 ut

250 1503 291 1532 te
322 1506 454 1544 saepe
483 1506 563 1546 per
594 1493 746 1532 literas
776 1493 979 1530 hortatus
1012 1505 1120 1535 sum,
1153 1493 1215 1530 ita
1247 1490 1380 1529 velim
1412 1491 1498 1530 tibi
1530 1504 1714 1544 persua—

249 1546 365 1597 deas,
399 1555 441 1587 te
473 1549 517 1586 in
551 1547 633 1587 hac
664 1560 796 1587 causa
828 1547 943 1585 nihil
974 1546 1156 1597 habere,
1198 1546 1317 1599 quod
1354 1546 1437 1585 tibi
1468 1546 1714 1586 timendum

389 1700 612 1734 TORANIO.
650 1697 686 1732 S.
715 1711 762 1731 zu
790 1710 847 1743 ep.
876 1699 944 1733 597
973 1697 1026 1729 im
1052 1696 1142 1730 Anf.

343 1771 376 1802 1.
426 1771 550 1802 triduo
577 1771 870 1804 cmte...lz'tcras.
909 1769 1044 1803 Dieser
1069 1769 1179 1803 Brief
1201 1769 1247 1801 ist
1277 1767 1387 1801 nicht
1412 1767 1523 1801 mehr
1542 1767 1712 1801 vorhan-

247 1815 335 1857 den,
362 1816 441 1849 und
469 1817 536 1850 ‹ler
561 1821 642 1853 597.
670 1817 717 1850 ist
743 1817 881 1851 friiher
907 1816 1171 1865 geschrieben,
1207 1817 1261 1850 als
1289 1816 1369 1849 dass
1398 1828 1487 1848 man
1514 1815 1585 1848 ihn
1610 1815 1713 1850 hier-

245 1869 361 1896 unter
387 1866 592 1899 vex-§tehen
620 1866 756 1903 dfirfte,
787 1884 825 1888 —
864 1865 911 1898 Cn
955 1866 1110 1904 Plancii,
1145 1865 1214 1898 der
1245 1876 1291 1896 zu
1318 1864 1487 1908 Corcyra
1520 1864 1574 1896 im
1601 1863 1713 1898 Exsil

245 1911 359 1951 lebte,
400 1923 457 1945 wo
485 1914 563 1946 also
598 1912 695 1946 auch
722 1913 906 1946 Toranius
933 1914 987 1946 als
1014 1914 1251 1946 Verbannter
1277 1912 1360 1944 sich
1388 1924 1489 1945 muss
1514 1912 1712 1959 aufgehal-

245 1963 308 1992 teu
335 1959 468 1993 haben.
503 1961 628 1995 Ueber
655 1962 724 1995 Cn.
742 1961 918 1994 Plancius
946 1974 971 1994 s.
999 1973 1046 1994 zu
1073 1973 1129 2006 ep.
1160 1960 1439 1994 CCCCXXXII!
1469 1959 1522 1992 im
1551 1960 1638 1993 Ans.
1665 1979 1713 1986 —

243 2011 492 2051 navigationis
520 2011 661 2054 longae.
711 2009 899 2042 Toranius
934 2009 979 2042 ad
1015 2020 1117 2042 oram
1145 2008 1350 2053 Hispaniae
1379 2007 1441 2041 vel
1468 2007 1618 2041 Galliae
1644 2020 1711 2041 na-

245 2055 378 2101 vigare
404 2056 572 2090 voluisse
600 2057 766 2099 videtur,
802 2062 843 2088 ut
879 2056 930 2089 ibi
964 2057 1216 2095 Caesarianos,
1257 2061 1459 2098 antequam
1488 2055 1528 2087 in
1557 2055 1709 2089 ltaliam

246 2102 428 2144 redirent,
457 2104 683 2139 offenderet.
717 2124 762 2129 —
797 2107 944 2138 minime
967 2111 1173 2149 portuosae,
1199 2105 1308 2151 l'zings
1335 2103 1442 2138 einer
1468 2103 1583 2137 Kiiste
1610 2103 1710 2138 ohne

245 2150 503 2185 zureichende
537 2152 805 2197 Aukerpl‘zitze.
844 2172 888 2177 —
924 2166 966 2186 ne
1001 2155 1097 2186 illud
1126 2154 1268 2198 quidem
1302 2164 1372 2185 non
1408 2152 1591 2196 quantivis
1623 2151 1707 2186 scil.

244 2198 362 2242 pretii
392 2204 457 2239 est,
500 2201 536 2234 τό
553 2225 561 2233 .
578 2214 724 2246 ..posse
750 2200 959 2246 proficisci,
1001 2202 1049 2234 ist
1080 2200 1176 2234 auch
1203 2201 1274 2234 Das
1302 2200 1364 2233 ein
1391 2199 1588 2239 Vortheil,
1633 2199 1708 2233 den

245 2245 305 2278 Du
331 2245 439 2283 nleht
474 2246 574 2280 hoch
601 2260 732 2296 genug
766 2248 999 2295 anschlagen
1034 2249 1183 2291 kannst,
1222 2248 1303 2281 dass
1343 2247 1402 2280 Du
1434 2246 1620 2294 sogleich,
1654 2247 1709 2280 als

246 2292 306 2326 Du
332 2294 459 2327 Etwas
487 2296 662 2339 gewisses
691 2297 812 2338 horst,
853 2307 927 2329 von
965 2296 1053 2329 dort
1088 2309 1152 2329 aus
1188 2295 1286 2329 nach
1313 2295 1451 2328 ltalien
1487 2294 1708 2339 abzugehen

244 2347 448 2387 vel-magst.
484 2342 637 2376 Terent.
662 2344 779 2377 Andr.
813 2345 858 2383 V,
871 2346 906 2383 2,
928 2347 990 2377 15:
1015 2344 1170 2378 videtur
1197 2355 1273 2378 esse
1302 2342 1494 2386 quantivis
1520 2343 1708 2386 pretii,—

246 2389 465 2422 advevtibus.
506 2390 570 2423 Sic
596 2391 669 2425 Md.
704 2393 799 2425 Vict.
828 2394 861 2426 2.
892 2392 1025 2427 Graev.
1054 2392 1191 2426 Bened.
1219 2391 1354 2430 Recte3
1390 2389 1476 2423 vide
1504 2389 1639 2423 Graev.
1669 2396 1707 2424 et

244 2435 382 2469 Bened.
417 2439 682 2473 advmz'eneihus
720 2441 836 2484 Neap.
874 2439 954 2473 Asc.
982 2443 1013 2478 1,
1052 2440 1154 2474 Crat.
1191 2438 1317 2472 hamb.
1351 2439 1447 2471 Ern.
1485 2438 1706 2485 Mart-Lag.

246 2483 333 2517 Sch.
361 2485 452 2518 min.
484 2488 555 2519 ΟΒ.
584 2499 759 2527 „warum
783 2488 842 2521 Du
857 2487 956 2521 Dich
983 2487 1052 2521 der
1070 2487 1244 2520 Ankunft
1270 2486 1338 2520 der
1364 2498 1427 2518 aus
1454 2484 1537 2518 dem
1562 2485 1705 2533 Kriege

245 2531 570 2567 riickkehrenden
599 2535 820 2569 Casan-ianm·
846 2535 1071 2582 preisgeben
1097 2536 1285 2571 solltest.“
1329 2535 1407 2567 Cilo
1438 2532 1705 2567 vex-muthlich

246 2579 309 2611 ein
334 2579 645 2627 Freigelassener
671 2582 733 2616 des
760 2583 959 2617 Toranius.

339 2641 373 2674 2.
424 2643 555 2685 expe-d„
598 2654 656 2675 am
693 2643 1048 2683 unbehindertsten,
1083 2643 1328 2678 schnellsten.
1367 2660 1413 2667 -
1453 2642 1603 2685 recipiet
1628 2642 1703 2681 ille,

244 2687 393 2728 Caesar,
420 2701 466 2730 se,
495 2689 643 2722 kommt
670 2690 782 2723 C‘a'sar
806 2690 964 2725 wieder.
989 2709 1036 2715 -
1075 2695 1258 2737 quoniam,
1299 2690 1373 2724 wie
1401 2700 1460 2734 ep.
1488 2691 1569 2729 553,
1595 2690 1629 2723 4.
1657 2706 1704 2713 -·

242 2736 306 2776 ibi,
335 2736 538 2780 Corcyrae,
564 2749 611 2770 au
638 2738 761 2772 einem
790 2739 890 2772 Orte.
