1795 3081
179 98 275 144 356
445 91 512 139 M.
536 92 590 140 T.
627 88 973 139 CICERONIS
1009 86 1397 138 EPISTOLAE.

179 216 441 256 discesseras
471 219 514 252 et
544 212 688 266 paullo
717 217 815 263 post
842 209 1040 263 triplices
1071 210 1318 249 remiseras.
1348 209 1498 249 Velim
1519 222 1646 250 cures

179 271 437 310 fasciculum
474 267 529 307 ad
561 267 813 306 Vestorium
862 263 1144 305 deferendum
1174 270 1216 303 et
1244 265 1381 303 alicui
1413 263 1486 304 des
1517 279 1647 320 nego-

179 328 304 375 tium5
336 327 411 377 qui
443 329 641 375 quaerat,
688 321 739 372 Q.
769 321 942 360 Faberii
978 318 1139 359 fundus
1177 332 1281 358 num
1320 321 1418 372 quis
1447 320 1492 357 in
1522 321 1648 358 Pom-

181 383 335 434 peiano
354 380 583 417 Nolanove
612 377 780 417 venalis
811 377 878 416 sit.
935 376 1164 428 Epitomen
1186 375 1313 413 Bruti
1332 374 1649 414 Caelianorum

180 437 314 476 velim
343 433 452 472 mihi
481 435 631 471 mittas
652 437 694 471 et
715 430 986 471 aPhiloxeno
1007 425 1259 470 Παναιτίου
1288 426 1393 484 περὶ
1421 426 1646 484 προνοίας.

181 491 245 529 Tc
276 489 385 529 Idib.
416 488 572 530 videbo
603 500 701 525 cum
731 488 831 526 tuis.

385 672 705 721 EPISTOLA
739 673 871 720 DCI.
939 670 1024 731 (ad
1061 671 1166 719 Att.
1207 671 1341 720 XIII.
1379 671 1447 730 9.)

229 763 309 798 scr.
339 764 380 796 in
406 763 621 796 Tusculano
648 761 748 796 xvl.
777 759 859 794 Kal.
885 759 1022 794 sextu.
1051 761 1093 794 A.
1121 760 1165 794 U.
1194 759 1233 793 c.
1261 763 1342 796 709.
1380 761 1428 800 (a.
1457 758 1496 792 c.
1524 758 1603 801 145.)

181 837 326 871 Scribit
344 836 442 868 adse
466 834 616 868 venisse
634 832 874 873 Trebatium,
901 832 1098 871 Curtium,
1116 831 1375 872 Dolabellam,
1393 832 1649 874 Torquatum.

238 889 269 919 1.
298 884 462 927 quaerit,
489 895 536 915 an
564 881 723 925 nuptiae
749 881 862 913 Bruti
889 892 977 912 cum
1004 880 1138 913 Porcia
1166 881 1363 913 consectae
1390 879 1491 921 sint5
1520 878 1592 913 sibi

520 930 717 973 Arpinum
743 928 912 961 eundum
942 940 1018 961 esse
1045 927 1253 975 significat.
1278 929 1312 963 2.

696 999 878 1033 CICERO
906 998 1084 1034 ATTICO
1110 998 1147 1032 S.

292 1073 575 1115 Commodum
606 1072 868 1113 discesseras
907 1073 1025 1121 heri,
1075 1086 1209 1126 quum
1239 1072 1474 1112 Trebatius
1510 1073 1649 1122 venit,

182 1131 329 1185 paullo
360 1137 460 1183 post
491 1130 691 1177 Curtius3
734 1127 804 1167 hic
834 1128 1049 1167 salutandi
1079 1142 1232 1168 causa:
1274 1128 1349 1167 sed
1387 1129 1547 1167 mansit
1583 1130 1649 1166 in-

180 1190 360 1228 vitatus.
420 1185 682 1224 Trebatium
713 1185 938 1223 nobiscum
968 1185 1190 1223 habemus.
1230 1183 1378 1224 Hodie
1407 1195 1532 1222 mane
1561 1183 1652 1222 Do-

182 1243 350 1282 labella.
408 1240 578 1280 Multus
618 1252 765 1278 sermo
804 1238 859 1278 ad
888 1240 1076 1278 multum
1116 1239 1244 1278 diem.
1303 1238 1433 1278 Nihil
1472 1251 1650 1291 possum

183 1298 329 1337 dicere
359 1293 682 1349 ἕκτενέστερον,
725 1293 836 1333 nihil
866 1289 1276 1348 φιλοστοργότερον.
1347 1294 1544 1333 Ventum
1585 1300 1652 1333 est:

180 1409 432 1457 paginarum,
472 1406 514 1438 in
551 1405 690 1449 quibus
731 1408 882 1451 aliquid
916 1408 962 1441 ad
994 1412 1031 1441 te
1058 1407 1311 1451 scripseram,
1352 1419 1440 1441 cum
1466 1417 1649 1452 responso

181 1457 400 1491 remiseras.
439 1453 608 1488 Martial.
636 1454 736 1497 VII,
763 1458 829 1491 82:
873 1457 936 1490 Bis
969 1467 1078 1489 senos
1110 1456 1287 1500 triplices
1322 1462 1359 1490 et
1396 1455 1650 1499 dentiscalpia

181 1512 340 1549 septem.
375 1504 427 1536 Et
454 1501 556 1541 XIV,
585 1504 625 1536 6:
653 1503 763 1536 Tunc
790 1504 969 1548 triplices
997 1509 1148 1536 nostros
1175 1504 1418 1545 (codicillos)
1447 1513 1524 1536 non
1551 1503 1649 1535 vilia

182 1553 281 1586 dona
305 1551 470 1596 putabis.
497 1549 599 1582 SCH-
634 1568 672 1575 -—
703 1551 920 1586 Vestorium.
963 1549 996 1585 S.
1025 1553 1107 1592 590,
1133 1552 1156 1585 2
1183 1564 1218 1584 u.
1247 1555 1330 1593 604,
1356 1555 1390 1586 4.
1416 1569 1462 1576 —
1490 1551 1648 1584 Faberz‘i.

180 1600 217 1635 S.
249 1611 305 1644 ep.
331 1600 414 1639 589,
441 1599 476 1632 2.
493 1615 533 1622 -
553 1596 740 1634 Nolanove
766 1611 876 1647 agro,
904 1600 958 1632 im
974 1599 1235 1647 Stadtgebiete
1266 1611 1342 1634 von
1354 1600 1528 1643 Pompeii
1555 1599 1650 1632 oder

179 1648 292 1681 Nola.
315 1665 357 1671 —
388 1647 584 1690 Epitomen
611 1647 723 1680 Bruti
749 1649 1018 1686 Caelianorum,
1047 1647 1120 1680 deu
1147 1647 1304 1694 Auszug
1330 1649 1393 1681 des
1419 1648 1558 1680 Brutus
1585 1658 1650 1678 aus

181 1697 256 1729 den
283 1696 464 1728 Annalen
500 1694 563 1727 des
600 1696 640 1727 L.
678 1695 828 1729 Caelius
863 1696 1089 1739 Antipater,
1130 1696 1233 1728 elnes
1259 1695 1428 1729 luristen
1467 1706 1537 1727 zur
1563 1695 1651 1727 Zeit

181 1745 250 1777 der
276 1743 493 1777 Gracchen.
521 1741 590 1774 der
617 1743 701 1776 eine
722 1743 955 1777 Geschichte
981 1743 1042 1775 des
1064 1743 1281 1776 Punischen
1295 1744 1455 1790 Krieges
1482 1742 1647 1776 schrieb.

180 1791 213 1825 S.
243 1791 289 1823 ad
314 1790 452 1823 Famil.
481 1789 588 1830 XIII,
615 1794 673 1824 11.
709 1791 755 1824 de
781 1791 883 1825 Orat.
911 1791 960 1831 II,
986 1792 1043 1831 12,
1070 1792 1126 1824 54.
1161 1790 1206 1823 (le
1234 1792 1351 1837 Legg.
1379 1791 1409 1830 l,
1437 1793 1470 1825 2.
1508 1790 1645 1823 Vellei.

180 1839 371 1872 Patercul.
399 1838 458 1879 ΙΙ,
486 1840 528 1875 9,
554 1839 588 1871 6.
641 1839 774 1873 Valer.
801 1837 899 1873 Max,
926 1839 962 1877 l,
990 1840 1024 1873 7.
1063 1839 1170 1872 Voss.
1209 1838 1254 1871 de
1283 1841 1379 1873 Hist.
1408 1839 1511 1880 Lat.;
1555 1837 1650 1871 iiber

181 1887 256 1919 den
283 1885 494 1933 gelehrten
520 1885 678 1919 Morder
704 1886 769 1920 des
796 1886 937 1925 essars,
965 1885 1015 1919 M.
1045 1887 1180 1919 Iunius
1206 1887 1347 1920 Brutus
1374 1899 1400 1920 s.
1430 1886 1512 1919 Cic.
1540 1887 1647 1919 Brut.

180 1953 227 1959 —
254 1948 276 1967 α
305 1934 509 1967 Philoxeno.
538 1934 648 1967 Mitte
672 1934 844 1967 Panaetii
872 1934 1018 1967 librum
1048 1934 1093 1967 de
1120 1935 1368 1977 providentia
1395 1946 1413 1966 a
1433 1933 1648 1967 Philoxeno

181 1989 391 2025 sumptum.
417 1980 604 2015 MANUT.
632 1981 845 2015 Vielleicht
872 1983 920 2014 ist
938 1981 1175 2014 Philoxenus
1202 1982 1272 2015 cler
1296 1984 1343 2015 ad
1369 1982 1486 2017 Attio.
1512 1982 1603 2023 VII,
1626 1983 1649 2016 2

183 2030 382 2064 erw‘cihnte
420 2030 585 2062 libertus
619 2035 655 2062 et.
691 2029 933 2074 dispensator
960 2029 1170 2063 Ciceronis.
1224 2030 1351 2064 Ueber
1384 2031 1456 2064 den
1490 2028 1649 2062 Sto'iker

181 2077 398 2111 Panaestius
432 2088 497 2109 aus
524 2076 678 2111 Rhodus
714 2090 748 2111 u.
776 2077 926 2111 Lehrer
959 2077 1021 2109 des
1048 2075 1181 2121 Scipio
1214 2079 1424 2111 Africanus
1460 2077 1585 2110 Maior
1619 2089 1646 2109 s.

182 2125 228 2158 de
255 2125 388 2158 office.
416 2127 448 2163 1,
475 2126 533 2159 26.
579 2125 623 2159 de
650 2125 802 2159 Finibb.
829 2126 894 2163 IV,
920 2128 955 2167 9,
982 2127 1039 2160 23.
1068 2125 1213 2161 Vellei.
1241 2126 1432 2160 Patercul.
1461 2127 1495 2167 1,
1525 2128 1586 2165 13,
1612 2126 1647 2162 3.

181 2173 331 2206 Gellius
357 2172 485 2212 XVII,
510 2175 567 2207 21.

278 2247 309 2277 1.
362 2245 595 2278 Commodum
619 2255 667 2276 Ξ
701 2256 741 2279 50
778 2245 886 2280 eben.
914 2262 954 2270 -
996 2246 1198 2279 Trebatius.
1248 2245 1284 2280 S.
1312 2257 1359 2279 zu
1387 2255 1443 2289 ep.
1473 2244 1646 2279 CXXXV.

183 2291 236 2324 im
265 2291 441 2339 Anfange
477 2305 512 2325 u.
551 2292 770 2327 CLXXVII.
804 2312 851 2317 —-
888 2294 934 2326 Μ.
966 2295 1114 2327 Curtius
1149 2295 1361 2327 Postumus.
1414 2291 1450 2325 S.
1478 2304 1535 2337 ep.
1565 2295 1648 2327 140.

181 2342 263 2375 142.
292 2342 371 2375 146.
399 2341 480 2375 342.
507 2343 587 2376 379.
615 2343 696 2376 579.
723 2343 803 2376 689.
831 2359 876 2365 -—
918 2344 1029 2377 salut.
1057 2355 1185 2379 causa,
1228 2342 1325 2375 bloss
1358 2353 1422 2373 um
1457 2340 1563 2373 mich
1597 2353 1648 2374 zu

182 2388 401 2435 begriissen‚
426 2388 488 2421 sed
509 2395 710 2422 tamen.—
727 2389 906 2428 habemus,
933 2390 1076 2423 behalt⁷
1102 2390 1166 2422 ich
1195 2390 1324 2437 einige
1339 2390 1442 2436 Tage
1469 2388 1529 2422 bei
1557 2390 1647 2422 mir.

180 2454 227 2460 —
254 2448 358 2469 meme
383 2436 493 2469 venit
519 2438 637 2470 etiam
663 2439 870 2471 Dolabella.
913 2438 1141 2472 Confectum
1178 2438 1280 2470 enim
1319 2437 1465 2469 bellum
1496 2445 1576 2470 erat
1604 2437 1646 2469 in

183 2483 392 2527 Hispania,
437 2485 499 2516 cui
528 2484 729 2518 Dolabella
757 2485 959 2527 interfuit,
1007 2494 1044 2520 et
1077 2492 1166 2519 ante
1193 2485 1393 2518 Caesarem
1422 2486 1463 2517 in
1490 2485 1645 2517 Italiam

183 2531 360 2565 revertit.
395 2530 582 2566 MANUT.
610 2551 651 2557 -
695 2535 936 2574 ἐκτενέστ.,
981 2533 1176 2578 prolixius
1203 2539 1240 2566 et
1266 2533 1412 2580 largius
1439 2532 1481 2564 in
1509 2532 1645 2565 officiis

182 2579 461 2621 promittendis
497 2585 535 2612 et
570 2580 840 2614 benevolentia
880 2581 1145 2629 significanda.
1209 2579 1273 2613 Sic
1301 2592 1358 2624 ep.
1386 2582 1467 2615 383.
1494 2581 1645 2614 ἔκτένεια

184 2625 230 2658 de
268 2626 425 2670 prolixa
464 2631 500 2660 et
538 2628 645 2674 larga
692 2629 808 2661 studii
858 2636 895 2663 et
943 2629 1154 2663 voluntatis
1203 2628 1476 2662 declaratione.
1530 2626 1643 2662 ERN.

185 2691 228 2697 ——-
269 2676 438 2718 φιλοστ.
501 2674 706 2723 Significat
749 2677 992 2710 Dolabellam
1038 2676 1219 2710 Ciceroni
1266 2682 1308 2710 ut
1362 2686 1492 2709 socero
1540 2685 1644 2708 amo-

183 2731 266 2753 rem
313 2728 350 2754 et
400 2723 585 2765 pietatem
637 2725 692 2756 sic
748 2725 986 2765 ostendisse,
1035 2731 1078 2757 nt
1124 2724 1227 2756 nihil
1276 2734 1401 2768 supra.
1457 2722 1555 2756 SCH.
1601 2741 1643 2746 —
