1795 3081
236 100 330 147 174
499 97 566 144 Μ.
606 96 658 143 Τ.
699 94 1037 144 CICERONIS
1071 93 1452 144 EPISTOLAE.

234 223 450 268 faverent,
481 224 524 257 te
555 215 883 270 cupidissimum
914 216 999 254 mei
1028 215 1384 270 singularemque
1423 215 1533 254 mihi
1563 216 1693 255 bene-

193 276 473 315 2volentiam
513 274 783 325 praestitisse
827 272 1028 327 cognovi.
1086 271 1275 323 Reliqua
1318 277 1419 310 sunt
1459 270 1692 321 eiusmodi,

235 331 391 382 quihus
423 341 517 383 ego,
550 329 755 380 quoniam
786 304 904 365 haec
923 332 1049 365 mant
1077 332 1293 380 tempora,
1323 326 1455 365 facile
1486 332 1530 365 et
1553 338 1692 378 aequo

233 387 381 424 animo
413 359 643 422 care’bam:
675 382 758 421 hoc
785 395 893 421 vero
925 380 1141 420 eiusmodi
1171 395 1261 420 esse
1303 387 1464 431 statuo,
1507 387 1557 420 ut
1599 383 1693 420 sine

233 441 390 479 talium
419 441 623 478 virorum
655 444 697 477 et
733 438 976 476 amicorum
1006 436 1315 476 benevolentia
1345 449 1485 488 neque
1529 437 1575 474 in
1618 435 1694 474 ad-

230 508 360 534 velsa
389 507 528 546 neque
558 495 603 531 in
633 491 822 532 secunda
865 494 1044 530 fortuna
1082 493 1311 544 quisquam
1347 493 1502 531 vivere
1541 492 1691 543 possit.

232 550 382 602 Itaque
413 551 458 587 in
488 549 571 587 hoc
601 560 681 603 ego
712 547 821 585 mihi
851 548 1066 601 gratulor
1125 546 1197 585 Tu
1236 559 1344 586 vero
1380 553 1430 585 ut
1467 546 1692 600 intelligas

231 605 400 643 homini
430 605 695 643 amicissimo
726 609 770 642 te
800 603 1008 641 tribuisse
1028 602 1236 652 officium,
1268 615 1316 641 re
1341 601 1425 640 tibi
1444 602 1691 654 praestabo.

1770 599 1773 618 Q
1762 322 1779 570 ·—-—³»M„
1764 272 1775 323 ku·

230 772 312 800 ston
337 766 501 800 Antheil
527 777 574 798 an
600 765 677 798 mir
702 767 851 799 nimmt.
878 783 923 790 —
950 767 1097 811 singul„
1125 764 1254 812 einzig
1279 763 1321 798 in
1338 763 1464 798 seiner
1480 764 1564 807 Art,
1592 776 1690 814 ganz

228 815 469 855 besonderes,
495 813 753 861 ungemeineS.

323 890 355 923 2.
410 887 596 927 eiusmodi,
637 898 696 930 qu·
686 887 782 919 b'us.
797 887 997 927 ‚carebam9
1036 884 1227 930 kriiftiger
1252 883 1330 916 und
1355 884 1541 930 gewisser
1568 897 1688 919 aussa-

228 934 331 982 gend
359 934 413 967 als
439 935 567 979 quibus
592 943 640 964 :-
666 937 707 965 ut
744 932 792 965 iis
830 945 999 967 carerem.
1038 932 1073 966 S.
1107 931 1261 967 Ramsh.
1297 933 1328 971 §-
1357 933 1438 973 184,
1465 935 1500 974 3,
1535 934 1624 967 Not.
1652 937 1684 967 1.
1764 910 1783 958 ι

229 983 372 1017 Grotef.
400 983 426 1025 ζ).
454 983 537 1021 432,
565 980 677 1014 Anm.
705 982 738 1015 2.
774 979 915 1014 Schiitz
942 981 1042 1014 lies't
1069 981 1230 1026 Reliquis
1255 980 1353 1012 zerbis
1378 980 1573 1014 commodis
1599 988 1687 1026 ego}

227 1031 330 1064 ohne
357 1029 474 1068 Noth,
501 1029 545 1062 da
571 1029 654 1061 sich
681 1028 781 1062 diese
819 1029 871 1062 als
905 1028 992 1062 hier
1025 1040 1073 1061 zu
1107 1026 1311 1062 verstehen
1344 1037 1420 1060 von
1455 1028 1569 1062 selbst
1602 1029 1688 1061 dara-

226 1078 368 1119 himen,
407 1089 521 1111 wenn
558 1088 646 1109 man
681 1076 762 1110 sich
799 1088 847 1109 an
875 1088 930 1122 ep.
960 1078 1041 1117 468,
1068 1078 1099 1111 3.
1126 1079 1159 1110 ll.
1186 1088 1222 1111 u.
1250 1086 1307 1120 ep.
1333 1076 1415 1118 464,
1442 1078 1466 1110 4
1500 1076 1684 1110 erinnert.
1792 1097 1795 1124 ⁴

225 1145 272 1150 —
296 1127 365 1159 hoc
390 1139 471 1159 vero
498 1124 753 1165 commodum,
782 1125 883 1168 quod
908 1126 983 1157 iam
1011 1127 1096 1159 ante
1122 1123 1222 1157 mihi
1245 1122 1322 1155 dixi
1340 1127 1404 1156 tua
1424 1124 1685 1171 gratulatione
1766 1112 1768 1129 s

224 1174 348 1206 multo
375 1172 577 1206 iucundius
613 1177 650 1205 et
683 1172 827 1219 glatius
862 1184 950 1208 esse
986 1174 1087 1206 SCH.
1124 1188 1165 1198 ο·-
1203 1174 1318 1205 vivere
1339 1175 1470 1216 possit,
1516 1171 1685 1204 clausula

224 1221 443 1256 hexametxi
477 1231 554 1253 non
589 1231 675 1253 rara
711 1220 752 1252 iu
780 1219 976 1254 Ciceronis
1011 1220 1176 1264 scxiptis.
1210 1236 1256 1244 —
1288 1222 1327 1253 in
1352 1219 1419 1252 hoc
1456 1224 1500 1251 st.
1537 1219 1583 1252 de
1609 1219 1684 1252 hoc

222 1272 408 1315 gratulat,
435 1268 510 1303 wie
536 1271 705 1301 accusati
729 1280 763 1300 u.
794 1271 959 1302 excusari
983 1271 1021 1302 in
1047 1270 1173 1314 aliquo
1198 1273 1240 1300 st.
1268 1266 1314 1301 de
1338 1266 1467 1310 aliqua
1492 1278 1546 1308 re,
1580 1278 1612 1300 z.
1640 1266 1684 1304 Β

224 1329 280 1362 ep.
316 1320 374 1353 97.
414 1317 568 1351 Terent.
609 1315 649 1347 in
688 1315 838 1363 Prolog
877 1312 1017 1350 Andr.:
1060 1320 1122 1362 qui
1155 1318 1194 1349 in
1225 1316 1293 1348 hac
1326 1326 1363 1347 re
1396 1316 1597 1359 disputant.
1647 1313 1682 1349 S.

223 1365 363 1398 Graev.
391 1384 437 1389 —
464 1377 502 1398 re
527 1365 595 1396 tihi
618 1365 823 1407 praestabo,
866 1365 939 1397 Das
976 1363 1096 1397 werd'
1134 1363 1199 1396 ich
1233 1363 1304 1396 Dir
1340 1361 1464 1394 durch
1498 1362 1558 1395 die
1584 1360 1683 1394 That

220 1425 269 1446 an
298 1413 372 1445 den
399 1413 480 1459 Tag
505 1412 630 1460 legen.
690 1411 782 1445 Ueb.
809 1411 868 1446 die
895 1411 1020 1446 Briefe
1046 1422 1135 1446 vom
1161 1409 1258 1445 Iahr.
1287 1411 1357 1445 708
1392 1411 1515 1458 vergl.
1541 1409 1683 1444 Abeken

219 1461 255 1496 S.
281 1462 350 1497 291
380 1460 419 1494 ff.
