1795 3081
505 101 822 153 EPISTOLA
861 102 1211 154 CCCCLXIV.
1496 108 1586 153 131

141 234 221 277 ego
252 220 298 260 id
327 234 498 274 semper
527 223 612 274 egi,
642 234 696 261 ne
726 223 993 261 interessem.
1074 224 1175 263 Non
1220 224 1336 264 enim
1374 226 1429 264 iis
1460 225 1590 265 rebus

142 277 456 332 pugnabamus,
493 277 650 328 quibus
680 278 830 316 valere
859 283 1124 329 poteramus,
1161 281 1362 329 consilio,
1394 281 1590 319 auctori-

139 339 244 380 tate,
276 344 418 381 causa,
450 344 559 383 quae
588 338 716 371 erant
744 333 939 371 1111101115
961 334 1207 384 superiora,
1237 334 1312 374 sed
1341 336 1517 374 lacertis
1548 341 1592 374 et

139 387 325 436 viribus,
367 386 522 438 quibus
560 399 686 438 pares
724 399 810 425 non
851 400 1036 425 eramus.
1093 387 1215 427 Victi
1253 403 1399 428 smnus
1434 391 1590 444 igitur,

141 448 231 491 aut,
261 443 297 480 si
327 442 448 480 vinci
478 439 667 495 dignitas
697 455 783 480 11011
813 447 972 493 potest,
1013 443 1144 480 fracti
1176 450 1294 482 certe
1333 452 1376 484 ct
1415 445 1589 483 abiecti.

140 496 190 534 In
220 509 305 548 quo
333 501 458 534 tuum
487 496 718 535 consilium
748 509 875 534 nemo
906 502 1047 548 potest
1076 510 1162 535 non
1186 500 1373 538 maxime
1394 499 1591 550 laudare,

141 550 258 603 quod
289 563 386 589 cum
414 563 489 602 spe
518 550 725 589 vincendi
746 552 876 589 simul
894 551 1096 590 abiecisti
1127 552 1324 590 certandi
1356 555 1485 592 eliam
1517 567 1590 592 cu-

140 604 715 658 piditatemostendistique
746 607 985 658 sapientem
1017 613 1059 644 et
1089 607 1250 646 bonum
1287 609 1427 647 civem
1464 610 1593 647 initia

140 661 247 700 belli
277 660 421 698 civilis
450 661 639 699 invitum
668 662 911 713 suscipere,
942 668 1136 700 extrema
1164 663 1356 701 libenter
1381 677 1466 701 non
1492 676 1592 716 per-

140 715 276 767 sequi.
334 714 420 765 Qui
457 727 545 753 non
583 714 698 754 idem
741 716 990 766 consilium,
1035 716 1150 768 quod
1191 723 1253 765 tu,
1296 719 1435 756 secuti
1474 715 1631 766 sunt‚3

141 783 213 809 eos
242 768 370 808 video
402 770 448 806 in
478 768 564 808 duo
593 783 754 824 genera
787 783 877 809 esse
907 770 1153 810 distractos.
1200 772 1289 810 Aut
1318 773 1434 810 enim
1465 785 1591 811 reno-

140 837 246 864 vare
275 824 440 863 bellum
481 826 629 863 conati
672 831 787 874 sunt,
831 825 962 877 hique
1004 839 1049 864 se
1086 827 1130 863 in
1160 827 1355 864 Africam
1395 827 1592 865 contule-

140 885 266 918 runt:
311 884 402 928 aut,
439 878 802 931 quemadmodum
831 894 924 930 nos,
962 881 1127 919 victori
1165 894 1255 920 sese
1295 880 1592 920 crediderunt.

139 933 338 973 hIedium
359 933 577 985 quoddam
596 941 719 973 tuum
741 936 973 973 consilium
992 937 1090 984 fuit,
1110 938 1183 987 qui
1205 936 1288 974 1100
1308 938 1492 976 fortasse
1512 936 1594 973 hu-

140 990 257 1027 milis
277 989 412 1028 animi
430 987 625 1038 duceres,
648 988 761 1027 illud
781 991 1032 1041 pertinacis.
1063 991 1219 1029 Fateor
1237 1005 1261 1030 a
1280 992 1502 1043 plerisque
1522 991 1595 1029 vel

141 1043 280 1083 dicam
305 1044 357 1082 ab
382 1044 582 1082 omnibus
612 1047 782 1096 sapiens
807 1051 930 1083 tuum
954 1045 1200 1094 consilium,
1235 1059 1258 1083 a
1287 1046 1436 1084 multis
1463 1046 1595 1085 etiam

139 1099 287 1153 magni
308 1111 358 1137 ac
388 1099 517 1137 fortis
543 1100 679 1137 animi
703 1098 961 1138 iudicatum.
1005 1098 1091 1138 Sed
1112 1100 1242 1138 habet
1270 1101 1353 1138 ista
1384 1102 1517 1149 ratio,
1547 1106 1598 1138 ut

139 1154 248 1193 mihi
274 1151 449 1204 quidem
475 1152 669 1203 videtur,
699 1153 912 1205 quendam
944 1153 1141 1193 modum:
1176 1156 1436 1206 praesertim
1465 1168 1597 1206 quum

138 1209 219 1247 tibi
236 1208 348 1245 nihil
370 1207 515 1247 deesse
536 1209 731 1247 arbitrer
752 1208 806 1247 ad
827 1215 922 1247 tuas
946 1211 1145 1247 fortunas
1171 1222 1318 1248 omnes
1340 1209 1599 1248 obtinendas

138 1269 315 1316 praeter
342 1263 627 1302 voluntatem.
686 1262 759 1302 Sic
789 1265 906 1303 enim
935 1264 1151 1313 intellexi,
1188 1264 1301 1302 nihil
1332 1263 1453 1302 aliud
1491 1277 1597 1313 esse,

139 1317 255 1370 quod
285 1317 605 1357 dubitationem
634 1319 816 1357 afferret
853 1320 909 1368 ei,
951 1332 1081 1371 penes
1121 1332 1247 1370 quem
1288 1324 1351 1358 est
1390 1324 1597 1371 potestas,

138 1374 222 1411 nisi
253 1371 369 1424 quod
397 1379 645 1422 vereretur,
687 1386 740 1412 ne
778 1379 827 1412 tu
861 1374 976 1413 illud
1005 1374 1262 1412 beneficium
1301 1376 1477 1412 omnino
1509 1387 1595 1411 11011

138 1479 320 1521 id...egi‚
356 1475 420 1508 ich
454 1480 663 1508 wusste‘es
698 1485 737 1507 so
771 1486 820 1507 zu
854 1475 1027 1508 machon.
1066 1493 1112 1499 —
1151 1477 1198 1508 iis
1224 1474 1316 1513 (Md.
1345 1475 1447 1508 Vict.
1475 1476 1497 1509 2
1522 1476 1595 1517 his)

138 1526 253 1565 rebus,
280 1523 351 1555 mit
378 1523 447 1555 der
472 1522 542 1555 Art
568 1532 641 1554 von
667 1521 834 1555 xvaffen.
860 1541 907 1546 --
931 1525 1058 1560 valere,
1087 1522 1172 1555 dem
1200 1521 1455 1568 Gegentheile
1481 1523 1593 1555 iiber-

138 1572 253 1618 legen
277 1570 370 1603 sein.
398 1589 445 1594 —
472 1582 594 1609 causa,
622 1569 695 1601 mit
721 1568 790 1602 der
816 1570 914 1603 Giite
943 1570 1011 1603 der
1037 1569 1168 1603 sache.
1196 1589 1240 1594 -
1275 1572 1426 1610 viribus,
1454 1569 1593 1603 Streit-

138 1619 298 1651 kr‘zisten.
337 1637 383 1642 -—
408 1616 536 1662 fracti
562 1622 655 1650 certe
692 1618 758 1657 (z
783 1617 894 1658 doch,
929 1617 1174 1664 wenigstens.
1214 1616 1248 1649 S.
1279 1617 1426 1650 Ramsh.
1454 1618 1480 1660 §.
1510 1619 1592 1652 203.

138 1667 207 1704 IV,
232 1667 265 1707 2,
292 1666 343 1706 a.)
369 1671 404 1698 et
429 1667 575 1706 abiecti,
602 1664 844 1711 iiberw'altigt
869 1664 948 1696 und
973 1677 1019 1697 zu
1043 1664 1174 1697 Boden
1201 1666 1411 1711 geworfen.
1430 1683 1476 1690 -—
1492 1678 1594 1699 nemo

135 1719 253 1758 potest
275 1726 358 1754 non,
386 1713 613 1747 Iedermann
639 1724 752 1746 muss.
779 1711 814 1745 S.
843 1711 992 1745 Ramsh.
1020 1716 1050 1753 ἓ.
1082 1714 1163 1745 173.
1205 1713 1352 1745 Grotef.
1381 1715 1411 1752 §.
1437 1716 1519 1748 337.
1546 1732 1594 1739 -

137 1763 315 1803 abiecisti,
359 1761 561 1808 aufgabest.
597 1779 644 1784 —-
683 1761 875 1793 ostendisti
908 1765 972 1792 tuo
1010 1758 1196 1803 exemplo.
1239 1777 1275 1783 —-
1317 1765 1474 1794 extrema
1514 1767 1589 1793 aut.

138 1811 200 1842 lib.
226 1821 297 1842 non
319 1812 499 1856 persequi,
535 1808 606 1843 den
631 1807 894 1856 Biirgerkrieg
919 1807 1122 1854 freiwillig
1157 1805 1264 1838 nicht
1296 1808 1386 1841 auf’s
1412 1809 1593 1842 Aeusser-

136 1863 191 1890 ste
216 1856 349 1890 treibe.
546 1866 548 1868 ’

232 1907 265 1939 3.
317 1907 355 1938 in
384 1904 454 1938 duo
478 1916 611 1949 genera
637 1914 707 1937 esse
733 1904 942 1943 distractos,
968 1902 1028 1936 die
1054 1901 1254 1949 schlugen,
1281 1901 1359 1935 seh'
1386 1901 1465 1944 ich,
1493 1903 1591 1936 zwei

138 1951 411 1985 verschiedene
435 1952 560 2000 Wege
587 1951 661 1985 ein.
688 1971 734 1976 —
758 1952 863 1997 hique
887 1964 923 1984 se
966 1950 1029 1983 Sic
1056 1950 1131 1983 Md.
1159 1950 1255 1982 Vict.
1284 1953 1315 1983 1.
1343 1949 1434 1982 Ern.
1463 1952 1591 1983 Mart.-

136 2001 225 2047 Lag.
256 1998 342 2032 Sch.
376 2000 472 2032 Liin.
505 2002 604 2045 iique
628 2012 663 2033 se
688 1999 822 2033 Bened.
851 2000 891 2033 hi
916 2000 978 2044 qui
1003 2010 1038 2031 se
1064 1998 1155 2032 Vict
1180 1999 1214 2034 2,
1251 2002 1285 2030 et
1309 1998 1348 2030 hc·
1371 2010 1405 2031 se
1432 1997 1531 2030 Crat.
1560 2001 1591 2032 ii

136 2051 200 2093 qui
223 2059 259 2081 se
293 2047 429 2081 Graev.
465 2052 504 2080 ut
538 2049 570 2081 ιἰ·
601 2050 664 2092 qui
693 2059 729 2081 se
767 2047 894 2079 Lamb.
935 2047 1009 2079 ΟΒ.
1047 2064 1094 2070 —
1127 2047 1260 2078 victori
1294 2045 1481 2087 (Caesari)
1515 2058 1589 2079 sese

138 2096 286 2133 credid„
322 2100 566 2129 vertraueten
608 2094 673 2127 ihr
708 2094 905 2128 Schicksal
937 2094 1022 2127 (10111
1059 2091 1290 2127 Edehnuthe
1324 2092 1388 2126 des
1423 2093 1584 2140 Siegers.

138 2143 358 2189 Mart-Lag.
385 2143 484 2176 coni.
511 2143 754 2180 tradiderunt,
781 2142 843 2176 ein
868 2154 915 2174 zu
941 2140 1089 2175 starker
1108 2140 1319 2175 Ausdruck.
1346 2159 1393 2164 —
1427 2141 1587 2174 Medium

138 2191 408 2232 ...consilium
434 2191 494 2223 Du
520 2190 714 2238 ergriffest
740 2189 934 2223 zwischen
960 2189 1094 2222 beiden
1129 2189 1211 2222 eine
1237 2188 1308 2220 Art
1338 2199 1414 2221 von
1440 2189 1586 2222 Mitte]-

138 2248 248 2285 weg3
274 2242 316 2270 ut
341 2249 463 2281 neque
488 2237 634 2271 bellum
669 2249 873 2271 renovares
907 2248 1030 2280 neque
1063 2236 1218 2269 Romam
1253 2235 1412 2276 redires,
1444 2236 1508 2269 sed
1541 2236 1585 2268 in

138 2285 321 2330 oppidum
346 2285 512 2318 liberum
538 2291 576 2319 et
600 2285 642 2318 ab
668 2286 783 2318 armis
817 2290 1004 2318 remotum
1039 2289 1075 2317 te
1104 2283 1307 2327 reciperes.
1332 2284 1509 2317 MANUT.
1536 2302 1584 2308 ——

138 2337 202 2378 qui
224 2343 272 2364 =
297 2343 414 2376 quum
439 2337 501 2366 tu.
518 2358 526 2366 .
544 2359 550 2366 .
566 2335 718 2374 duceres,
744 2333 788 2366 da
814 2333 874 2365 Du
901 2332 1058 2365 dieses
1085 2333 1147 2364 fiir
1172 2331 1582 2378 Niedertr‘a'chtigkeit,

138 2380 274 2414 ienes
299 2381 361 2412 fiir
384 2379 580 2414 Starrsinn
606 2381 736 2415 halten
761 2380 960 2413 mochtcst.
989 2379 1022 2412 S.
1052 2379 1201 2412 Ramsh.
1228 2379 1255 2421 §.
1277 2381 1356 2420 192,
1375 2382 1406 2412 1.
1435 2379 1583 2411 Grotef.

137 2430 165 2470 ᾗ.
193 2430 275 2469 431,
301 2429 335 2461 2.
370 2446 417 2452 -
449 2429 657 2471 valericum,
695 2429 787 2463 oder
813 2426 877 2460 ich
911 2427 1064 2460 mb'chtc
1096 2427 1173 2460 wol
1199 2438 1322 2474 sagon.
1362 2445 1409 2450 —
1443 2427 1581 2466 consil„

138 2476 258 2509 Deine
285 2474 586 2524 Massnehmung.
624 2495 670 2501 —-
710 2480 784 2510 ista
810 2477 909 2508 ratio
934 2485 981 2505 Σ
1009 2475 1228 2515 consilinm,
1264 2474 1389 2506 dieser
1414 2474 1582 2513 Vorsatz,

137 2522 348 2556 Beschluss.
376 2541 417 2548 —·
447 2526 570 2569 queml.
595 2525 703 2565 mod,
729 2523 813 2557 sein
840 2524 953 2555 Maass
971 2535 1006 2555 u.
1026 2522 1119 2556 ziol.
1144 2542 1190 2547 —
1216 2523 1267 2555 ad
1280 2520 1469 2564 tuasfort.
1490 2533 1583 2558 omn.

138 2572 265 2609 obtin„
301 2583 348 2603 zu
381 2571 550 2618 viilliger
573 2571 966 2617 Wiedererlangung,
1006 2569 1413 2616 Wiederherstellung
1438 2568 1583 2602 Deiner

137 2619 297 2666 vorigen
325 2618 675 2653 Gliicksumst'einde.
703 2639 745 2643 —
773 2624 918 2661 praeter
940 2619 1077 2652 volanti
1102 2623 1218 2655 tuam,
1243 2635 1290 2641 -—
1314 2628 1494 2650 ne...mm
1519 2628 1584 2659 pu-

137 2670 247 2707 tares,
291 2677 328 2699 cs
370 2666 524 2700 m'dchte
558 2667 629 2700 Dir
669 2665 874 2700 vielleicht
916 2664 1038 2699 durch
1074 2665 1195 2698 Deine
1237 2663 1584 2710 Zuriickberufung

139 2713 247 2747 nicht
273 2713 444 2748 einmahl
472 2713 535 2748 ein
562 2714 739 2748 Gefallen
764 2713 1150 2762 geschehen..Ueber
1176 2724 1342 2748 namon
1379 2723 1406 2743 s.
1433 2710 1583 2743 Ramsh.

1259 2771 1316 2810 9*
