1795 3081
550 33 876 86 EPISTOLA
917 36 1168 88 DXXVII.
1447 37 1545 85 237

86 166 164 199 aut
192 160 412 213 polliceri.
473 157 785 199 Consolatione
825 170 912 196 non
952 159 1124 211 utebar,
1167 158 1284 212 quod
1313 172 1364 199 ex
1395 158 1546 197 multis

87 215 334 266 audiebam,
376 213 522 266 'quam
569 215 750 252 fortiter
794 215 1100 265 sapienterque
1153 216 1293 254 ferres
1335 215 1548 252 iniuriam

86 278 337 323 temporum
366 282 581 322 quamque
606 275 649 307 te
670 268 956 307 vehementer
986 270 1292 309 consolaretur
1321 270 1548 308 conscien-

85 328 148 365 tia
193 328 410 366 factorum
455 330 498 363 et
541 324 830 362 consiliorum
873 329 1064 363 tuorum.
1124 324 1251 376 Quod
1293 324 1469 377 quidem
1510 322 1549 362 si

86 383 209 427 facis,
248 393 452 436 magnum
488 380 683 417 fructum
725 377 975 417 studiorum
1018 380 1289 431 optimorum
1328 381 1462 433 capis,
1501 379 1548 416 in

88 436 244 489 quibus
283 443 325 475 te
363 447 535 486 semper
573 435 665 472 scio
705 446 796 472 esse
833 440 1080 472 versatum:
1130 433 1262 486 idque
1302 441 1354 474 ut
1395 435 1547 481 facias,

89 493 222 531 etiam
253 497 382 543 atque
412 491 544 528 etiam
574 495 618 528 te
646 488 817 527 hortor.
877 487 1021 527 Simul
1051 495 1095 528 et
1123 488 1236 528 illud
1267 491 1365 540 tibi,
1405 483 1591 528 homi-5

87 547 133 584 ni
163 547 432 599 peritissimo
464 557 614 583 rerum
654 549 697 582 et
727 544 1027 596 exemplorum
1059 550 1102 583 et
1131 545 1271 583 omnis
1300 545 1550 594 vetustatis,

86 615 139 640 ne
171 603 262 653 ipse
292 599 466 652 quidem
497 598 635 649 rudis,
666 597 741 638 sed
770 600 816 636 in
846 598 992 638 studio
1023 601 1167 639 minus
1185 601 1386 650 fortasse,
1417 613 1550 651 quam

86 657 260 702 vellem,
294 654 370 705 [et]
402 655 447 693 in
476 654 609 693 rebus
639 660 769 706 atque
798 667 880 692 usu
909 655 1006 706 plus
1037 656 1181 700 etiam,
1212 668 1341 707 quam
1370 655 1550 704 vellem,

84 718 300 761 versatUS,
331 708 538 762 spondeo,
571 710 652 748 tibi
678 711 807 748 istam
829 710 1118 748 acerbitatem
1148 715 1191 748 et
1220 711 1431 748 iniuriam
1461 722 1551 748 non

85 766 295 805 diuturne
326 767 434 805 fore.
493 764 607 803 Nam
638 771 680 805 et
710 766 816 817 ipse,
856 766 931 817 qui
961 766 1203 818 plurimum
1240 771 1400 818 potest,
1440 777 1551 817 quo-

85 821 195 860 tidie
225 821 334 858 mihi
365 819 511 859 delabi
541 819 595 858 ad
624 821 891 873 aequitatem
922 826 965 859 et
995 819 1051 859 ad
1081 834 1231 860 rerum
1253 827 1458 859 naturam
1480 820 1550 858 vi-

85 876 239 916 detur:
273 882 316 916 et
344 877 438 929 ipsa
469 889 598 914 causa
628 888 678 914 ea
707 881 785 926 est,
815 882 865 914 ut
894 876 981 913 iam
1001 876 1131 914 simul
1157 889 1256 915 cum
1275 889 1324 915 re
1354 875 1550 928 publica,

89 945 200 984 quae
239 932 284 970 in
324 937 587 984 perpetuum
631 932 778 969 iacere
823 944 910 969 non
949 937 1107 983 potest,
1146 932 1394 970 necessario
1430 930 1552 969 revi-

86 993 235 1026 vescat
265 993 395 1039 atque
425 992 679 1025 recreetur:
711 985 994 1038 quotidieque
1035 985 1205 1039 aliquid
1243 989 1292 1026 fit
1330 987 1471 1028 lenius
1508 989 1554 1024 et

87 1041 333 1092 liberalius,
366 1055 492 1093 quam
518 1041 789 1080 timebamus.
850 1040 971 1092 Quae
996 1044 1205 1093 quoniam
1233 1043 1278 1080 in
1303 1047 1553 1094 temporum

86 1097 449 1136 inclinationibus
478 1109 605 1149 saepe
634 1097 784 1149 parvis
814 1097 958 1149 posita
995 1103 1110 1147 sunt,
1156 1098 1302 1136 onmia
1331 1101 1554 1135 momenta

87 1153 420 1191 observabimus
456 1165 596 1204 neque
636 1152 776 1189 ullum
821 1153 1225 1203 praetermittemus
1261 1153 1329 1191 tui
1366 1149 1553 1191 iuvandi

87 1213 130 1247 et
158 1206 335 1246 levandi
365 1208 524 1245 locum.
582 1206 734 1259 Itaque
763 1206 877 1245 illud
905 1207 1111 1258 alterum,
1152 1206 1270 1260 quod
1300 1206 1408 1256 dixi,
1450 1207 1593 1249 lite-6

86 1276 240 1301 rarum
268 1275 402 1318 genus
433 1260 630 1314 quotidie
659 1262 787 1312 mihi,
822 1267 872 1301 ut
900 1275 1046 1314 spero,
1088 1264 1164 1304 fiet
1201 1263 1464 1316 proclivius,
1500 1267 1553 1300 ut

88 1410 178 1457 Lag.
215 1408 300 1444 Sch.
335 1409 426 1443 Liin.
463 1410 508 1443 de
548 1410 702 1445 Ernest.
737 1409 835 1444 coni.
875 1412 1098 1444 invenissem.
1134 1408 1207 1443 Sed
1243 1410 1333 1443 vide
1369 1410 1554 1445 Matthiae

85 1459 180 1502 Epp.
206 1459 319 1492 select.
346 1469 382 1502 p.
409 1460 491 1493 275.
521 1460 595 1493 ΟΒ.
624 1459 760 1493 Cicero
787 1469 824 1492 se
852 1463 1014 1500 excusat,
1050 1457 1151 1502 quod
1176 1462 1287 1492 antea
1313 1458 1443 1493 literas
1470 1469 1553 1492 non

87 1505 247 1541 miserit,

181 1566 216 1600 5.
271 1564 333 1608 [et]
372 1563 436 1598 Sic
468 1564 540 1598 Md.
575 1566 674 1600 Crat.
710 1566 816 1601 Vict.
846 1569 877 1600 1.
904 1567 936 1600 2.
972 1565 1100 1599 Bened
1137 1566 1371 1612 Mart-Lag.
1407 1565 1481 1600 Sed
1516 1571 1552 1599 et

86 1612 236 1646 dolend.
263 1613 389 1656 potius
414 1613 579 1653 videtur,
613 1626 725 1658 quam
753 1614 975 1647 mutandum
1010 1614 1050 1646 in
1076 1619 1115 1646 at
1142 1625 1230 1646 cum
1257 1615 1374 1658 Neap.
1402 1613 1486 1648 Asc.
1516 1617 1549 1649 1.

89 1660 216 1694 Lamb.
257 1660 395 1694 Graev.
433 1661 527 1694 ΕΓΗ.
567 1662 654 1696 Sch.
695 1663 793 1696 Liin.
840 1665 912 1697 ΟΒ.
959 1678 1004 1686 —-
1051 1665 1090 1695 in
1117 1663 1219 1695 rebus
1245 1667 1352 1706 atque
1380 1674 1455 1703 usu,
1493 1662 1549 1695 im

87 1707 339 1753 praktischen
359 1708 608 1750 Staatsleben,
634 1710 681 1743 ist
706 1710 790 1743 dem
817 1712 938 1744 studio
959 1711 1160 1743 literarum
1182 1714 1372 1758 entgegen
1393 1715 1551 1757 gesetzt.

89 1776 131 1782 -
160 1758 342 1789 diuturne.
382 1756 576 1790 Servanda
613 1758 813 1791 videbatur
837 1758 933 1792 haec
960 1759 1077 1792 lectio
1114 1757 1186 1792 Md.
1211 1758 1294 1793 Asc.
1324 1761 1356 1792 1.
1384 1758 1488 1793 Vict.
1517 1762 1550 1793 1.

86 1804 225 1838 Graev.
253 1804 404 1844 Bened„
439 1810 570 1849 utpote
598 1805 638 1838 in
666 1817 707 1839 re
736 1805 905 1838 nondum
935 1806 1148 1850 explorata:
1176 1806 1402 1850 praesertim
1431 1818 1551 1850 quum

88 1851 195 1884 nulla
224 1852 432 1899 excogitari
459 1853 576 1897 possit
603 1865 724 1894 causa,
752 1865 821 1886 cur
846 1854 1077 1886 facillimum
1111 1853 1213 1886 istud
1250 1854 1378 1887 vocab.
1406 1854 1553 1887 diutur-

87 1913 173 1933 nam
199 1901 315 1944 Neap.
345 1899 444 1933 Crat.
473 1900 601 1936 Lamb.
632 1902 726 1936 ΕΓΗ,
755 1902 972 1949 Mart.-Lag.
996 1900 1084 1935 Seh.
1105 1901 1199 1933 Liin.
1225 1901 1420 1945 (poterant
1436 1902 1552 1936 etiam

86 1949 362 1981 diuturniorem.
391 1949 458 1980 cfr.
488 1950 558 1993 Ep.
582 1952 636 1984 13.
666 1951 693 1993 §.
717 1951 769 1989 5.)
807 1949 846 1981 in
872 1949 1097 1982 adverbium
1124 1953 1310 1981 mutatum
1338 1948 1397 1982 sit.
1438 1952 1552 1983 Prae·

86 2000 189 2029 terea
215 1998 385 2028 diuturne
410 2007 525 2039 aeque
551 1997 647 2031 bene
674 2009 761 2030 cuin
788 1997 904 2030 verbo
938 2010 1006 2031 esse
1043 1996 1212 2031 construi
1245 2007 1354 2041 posse
1382 1996 1551 2037 videtur,

87 2055 130 2076 ac
150 2056 183 2076 v.
213 2045 288 2083 diu,
314 2044 457 2082 dudum,
485 2045 593 2086 brevi,
624 2056 832 2088 eorumque
853 2044 1059 2090 composita
1086 2046 1145 2085 (id
1168 2045 1240 2078 erit
1260 2046 1425 2089 perbrevi
1450 2046 1554 2078 infra

85 2093 154 2135 Ep.
184 2094 239 2125 12.
267 2093 292 2134 §.
319 2094 371 2132 3.)
415 2093 605 2127 URELLI.
647 2112 685 2118 —-
734 2096 797 2139 qui
828 2095 926 2137 plur.
959 2098 1092 2138 potest,
1139 2092 1285 2126 Caesar.
1331 2112 1379 2118 —
1416 2095 1551 2133 delabi,

89 2139 171 2171 sich
199 2139 503 2175 herabzulassen,
533 2159 575 2165 —
618 2142 669 2174 ad
693 2153 811 2174 rerum
841 2145 935 2180 nat„
974 2152 1045 2173 zur
1069 2139 1370 2183 Natiirlichkeit‚
1405 2141 1554 2174 Huma-

90 2187 196 2221 nit‘zit.
239 2206 278 2212 ’“”
319 2190 523 2220 revivescat.
568 2188 630 2222 Sic
667 2189 738 2222 Md.
772 2190 872 2223 vic-t.
908 2192 937 2223 1.
976 2191 1008 2223 2.
1034 2199 1084 2219 Ξ
1108 2192 1300 2222 reviviscat
1338 2188 1432 2223 Cett.
1475 2191 1550 2223 OR.

88 2234 197 2266 Denn
226 2234 287 2267 das
321 2240 683 2282 entgegengesetzte
709 2236 932 2270 Benehmen
966 2247 1048 2270 war
1079 2234 1302 2280 politisches
1329 2237 1553 2278 Absterben,

87 2281 313 2325 politischer
337 2283 418 2316 'rod
445 2277 660 2318 stix-“Casan
687 2304 733 2309 —
760 2288 942 2329 quoniam.
979 2283 1026 2318 So
1054 2284 1150 2317 oben
1179 2296 1236 2329 ep.
1263 2285 1430 2325 DXXVI‚
1460 2285 1488 2327 ᾗ.
1513 2288 1551 2320 2.

87 2348 133 2352 —
159 2332 196 2362 ιή
224 2335 329 2374 temp.
358 2333 481 2364 inclin.
514 2330 537 2364 i.
568 2344 598 2365 e.
636 2333 1083 2377 mutationibus..posita
1116 2337 1212 2371 sunt,
1250 2334 1341 2366 weil
1371 2333 1554 2380 Dcrglei-

89 2376 187 2410 cheu
216 2379 269 2410 oft
295 2379 362 2410 auf
376 2377 536 2412 kleinen
556 2380 801 2427 Neigiingen,
828 2380 1156 2427 Ver'zinderungen
1174 2380 1242 2414 der
1261 2380 1551 2414 Zeitumst'a'nde

86 2424 237 2503 {aer-uhu
277 2443 317 2450 —-
355 2432 545 2469 momenta,
582 2429 760 2476 giinstige
796 2428 1074 2475 Augenblicke.
1109 2447 1157 2453 —
1193 2430 1322 2470 locum,
1358 2428 1552 2477 Gelegen-

100 2477 169 2505 leit
196 2483 254 2504 zu.

182 2534 214 2566 6.
270 2533 365 2565 illud
387 2533 554 2575 alterum,
583 2535 679 2581 quod
700 2535 778 2568 dixi
801 2536 846 2574 (s.
871 2534 898 2576 ξ.
926 2535 948 2568 4
975 2535 1026 2568 im
1054 2534 1171 2579 Anf.)‚
1192 2536 1313 2579 ...fiet
1336 2537 1550 2580 proclivius,

87 2579 164 2611 und
202 2590 239 2612 so
267 2580 367 2612 wir-d
403 2592 440 2613 es
475 2582 576 2615 denn
609 2581 680 2615 mit
713 2581 836 2615 iedem
864 2583 968 2629 Tage
1003 2583 1080 2616 mir
1114 2583 1346 2617 hoffentlich
1381 2584 1551 2617 leichter

86 2626 255 2667 werden,
282 2627 408 2660 Briefe
435 2630 599 2663 anderer
624 2631 705 2669 Art,
733 2631 807 2663 wie
835 2636 977 2678 gesagt,
1005 2631 1077 2664 Dir
1097 2644 1144 2664 zu
1163 2630 1378 2671 schreibe11‚
1406 2632 1546 2673 Briese,

85 2675 199 2707 mein'
226 2675 302 2717 ich,
339 2676 406 2709 der
431 2676 511 2717 Art,
549 2678 629 2712 dass
664 2678 729 2711 ich
756 2679 827 2712 Dir
861 2678 958 2712 auch
985 2679 1114 2715 Etwas
1140 2679 1403 2724 versprechen
1429 2679 1546 2713 kann.
