1795 3081
407 73 725 124 EPISTOLA
762 72 1156 128 CCCCLXXIV.
1438 81 1530 126 161

84 208 209 250 quem
238 195 292 236 ad
320 197 477 236 finem?
507 196 662 245 Vivas,
705 194 870 248 inquiS‚
912 197 957 235 in
988 198 1142 237 literis.
1199 197 1267 237 An
1296 197 1532 250 quidquam

26 282 29 300 „
83 265 152 290 me
181 251 300 291 aliud
329 263 459 291 affere
489 253 666 290 censes?
696 256 772 289 aut
799 261 968 304 possem
997 253 1168 301 vivere,
1199 254 1285 292 nisi
1314 255 1360 292 in
1392 253 1531 292 literis

83 309 309 347 viverem?
350 282 435 346 §ed
465 311 528 345 est
557 318 705 345 earum
739 306 873 344 etiam
902 318 989 343 non
1018 308 1211 357 satietas,
1251 307 1325 346 sed
1356 307 1531 360 quidam

26 398 30 412 ,
84 361 250 401 modus.
292 361 331 401 A
352 362 504 414 quibus
523 374 656 412 quum
677 359 869 409 discessi,
900 361 980 398 etsi
1008 362 1234 400 minimum
1260 362 1364 401 mihi
1389 369 1452 402 est
1483 363 1530 401 in

86 430 220 456 coena
237 438 285 445 —
308 415 422 468 quod
434 422 480 455 tu
495 428 629 453 unum
652 410 816 469 ζήτημα
832 415 966 453 Dioni
986 414 1240 467 philosopho
1262 419 1458 469 posuisti,
1479 436 1533 444 —-

26 480 31 519 ξ
85 477 229 510 tamen
264 470 368 524 quid
389 472 531 523 potius
553 470 724 518 faciam,
755 470 1013 521 priusquam
1035 483 1102 508 me
1127 470 1360 510 dormitum
1388 474 1533 511 confe—
1570 518 1571 521 Ἴ

26 550 30 561 ,Α
87 539 196 574 ram,
226 538 313 564 non
341 527 527 578 reperio.
558 523 673 563 Audi
690 524 871 576 reliqua.
902 524 1021 563 infra
1036 524 1319 578 Eutrapelum
1336 519 1574 578 Cytheris2

26 586 31 631 j
89 582 302 620 accubuit.
360 570 408 618 In
440 593 489 619 eo
519 580 668 631 igitur,
699 578 859 631 inquis,
893 580 1095 619 convivio
1126 580 1281 619 Cicero
1311 582 1401 631 ille,

90 649 206 686 quem
229 634 553 684 adspectabant?
582 634 698 670 cuius
718 633 766 670 ob
785 645 827 670 os
842 633 964 670 Graii
981 647 1055 671 ora
1072 633 1337 672 obvertebant
1349 636 1536 673 ειμι-*2)

27 704 32 736 ’ς
90 689 192 729 Νοη
222 688 469 728 mehercule
495 690 735 741 suspicatus
755 700 848 727 sum
870 689 989 727 illam
1017 690 1170 729 affore:
1198 689 1273 729 sed
1295 695 1434 730 tamen
1458 689 1538 739 [ne]

27 785 30 797 ,λ
91 746 345 796 Aristippus
364 741 538 796 q‘uidem
555 744 628 782 ille
639 741 889 782 Socraticus
908 743 1101 793 erubuit,
1119 756 1252 796 quum
1271 751 1383 783 esset
1397 746 1540 784 obiec-

27 813 32 839 ³,
90 806 196 848 tum,
213 800 374 837 habere
389 811 485 837 eum
498 797 645 836 Laida.
666 796 866 848 ‚,IIabe0,
882 800 1036 850 inquit,
1054 812 1138 836 non
1155 799 1317 838 habeor
1330 798 1542 838 aLaide.⁶‘

31 892 32 895 ,
93 853 257 892 Graece
278 854 360 892 hoc
381 854 554 892 melius:
575 859 637 903 tu,
669 853 705 890 si
721 853 850 901 voles,
877 854 1233 905 interpretabere.
1266 853 1341 893 Me
1356 867 1462 894 vero
1479 856 1544 892 ni-

28 913 33 960 J
92 909 158 947 hil
186 911 369 947 istorum
400 921 451 947 ne
485 910 686 947 iuvenem
717 905 888 959 quidem
924 910 1061 947 movit
1088 921 1298 960 unquam:
1342 922 1395 947 ne
1430 922 1545 947 nuno

32 976 33 984 ¹
93 976 251 1003 senem.
309 963 524 1003 Convivio
554 961 768 1000 delector:
800 962 862 1001 ibi
892 963 1060 1015 loquor,
1091 962 1207 1015 quod
1234 965 1280 1001 in
1310 963 1464 1009 solum,
1495 969 1546 1003 ut

96 1077 228 1111 miker
242 1078 321 1111 und
338 1073 566 1112 Sto·1‘ker.—
588 1077 685 1120 Quid
698 1087 883 1123 assequar,
911 1089 987 1111 was
1007 1074 1185 1123 gew'dnn*
1204 1074 1269 1111 ich
1286 1077 1484 1114 dadai-ch?
1501 1096 1546 1102 --

98 1138 199 1172 quem
219 1127 389 1169 adfinem
410 1126 450 1158 h.
470 1137 500 1158 e.
522 1134 727 1169 quousque.
744 1144 790 1149 ——
807 1126 905 1158 haud
919 1137 1056 1168 possem
1077 1125 1179 1158 Crat.
1195 1144 1241 1150 —
1259 1130 1361 1160 etsi..
1376 1129 1548 1170 ,posuisti

98 1174 124 1207 i.
154 1185 183 1209 e.
210 1174 281 1206 etsi
308 1183 377 1220 ego
403 1173 562 1205 minimi
589 1173 689 1205 facio
717 1183 848 1206 cenam
885 1174 1027 1216 ipsam,
1066 1183 1185 1215 quum
1221 1179 1262 1206 tu
1298 1181 1432 1207 contra
1463 1184 1546 1206 eam

98 1221 197 1255 tanti
230 1221 367 1260 facias,
406 1227 449 1254 ut
473 1218 706 1264 philosopho
732 1227 797 1253 tuo
823 1220 964 1260 Dioni,
992 1220 1255 1263 quaestionem
1281 1221 1353 1253 sibi
1378 1221 1547 1265 proponi

99 1268 263 1310 iubenti,
289 1268 364 1300 hoc
388 1279 509 1301 unum
537 1265 668 1310 ζήιημα
694 1267 856 1315 (Frage,
883 1268 1071 1315 Aufgabe)
1099 1277 1351 1311 proponeres,
1378 1275 1421 1301 ut
1447 1269 1549 1301 dicem

99 1327 170 1357 res,
195 1322 233 1349 te
260 1326 393 1348 cenam
422 1326 442 1348 a
467 1326 580 1350 mene
607 1325 812 1358 quaerere3
848 1314 956 1348 cuius
992 1315 1067 1348 ioci
1093 1316 1198 1348 infra
1216 1315 1360 1350 Cicero
1386 1316 1550 1349 mentic-

102 1376 190 1397 nem
218 1363 321 1396 facit.
349 1363 447 1401 ΒΘΗ,

195 1411 227 1445 2.
280 1410 438 1454 Cytheris
471 1410 673 1443 Volumnii
706 1409 845 1444 liberta
880 1416 917 1443 et
950 1409 1085 1444 amica,
1142 1407 1206 1442 sie
1241 1420 1324 1443 war
1359 1410 1446 1444 eine
1481 1410 1550 1443 der

104 1459 188 1492 drei
215 1457 520 1504 beriichtigtsten
537 1456 807 1490 Tanzerinnen
834 1469 871 1489 u.
893 1456 1061 1490 Hei‘aren
1088 1456 1154 1490 der
1180 1457 1428 1505 damahligen
1451 1459 1549 1490 Zeit.

104 1506 176 1539 Die
208 1505 345 1538 beiden
379 1504 525 1537 andern
560 1502 710 1538 hiessen
739 1504 949 1536 Arbuscula
976 1504 1055 1536 und
1081 1504 1206 1550 OrigO.
1257 1503 1291 1537 S.
1319 1504 1475 1538 Servius
1502 1517 1550 1538 zu

104 1550 259 1600 Virgils
283 1552 419 1598 Eclog.
447 1551 489 1584 X.
518 1564 553 1584 u.
590 1552 678 1585 hier
705 1562 761 1595 ep.
788 1554 866 1587 376.
922 1551 1091 1595 Philipp.
1121 1551 1171 1592 ll,
1194 1553 1249 1586 24.
1301 1553 1398 1585 Plin.
1427 1548 1473 1585 H.
1502 1552 1547 1585 N.

104 1601 209 1641 vm,
245 1601 301 1634 16.
351 1597 544 1632 Plutarch.
581 1600 636 1632 im
674 1600 814 1632 Anton.
853 1598 980 1633 Horat.
1016 1597 1092 1631 Sat.
1127 1601 1168 1638 1,
1209 1601 1251 1640 2,
1289 1600 1344 1633 55.
1385 1603 1450 1641 10,
1490 1602 1548 1634 77.

105 1648 229 1682 Cicer.
267 1647 313 1679 ad
344 1647 459 1680 Attic.
497 1647 567 1685 lv,
615 1646 657 1679 15
689 1644 836 1688 (14211.
872 1645 959 1687 ed.).
1019 1645 1089 1679 Die
1117 1645 1298 1689 Cytheris
1323 1647 1425 1681 wird
1451 1648 1550 1680 auch

109 1695 300 1729 Volumnia
325 1700 496 1741 genannt
522 1694 563 1725 in
589 1693 758 1737 Philipp.
786 1691 838 1734 ΙΙ,
864 1694 920 1727 24.
948 1711 994 1717 -—-
1021 1694 1199 1734 accubuit,
1226 1694 1314 1736 quia
1341 1696 1551 1737 meretrix5

108 1755 196 1776 nam
242 1742 421 1775 honestae
466 1741 650 1774 mulieres
699 1741 889 1774 sedebant.
942 1741 1045 1773 SCH.
1085 1759 1125 1765 —-
1164 1741 1207 1774 In
1242 1754 1280 1774 eo
1314 1753 1357 1774 z:
1389 1741 1470 1776 tali.
1508 1762 1551 1767 -——

111 1792 232 1824 Cicero
269 1791 328 1823 ille
362 1789 510 1826 adfuit?
549 1807 594 1813 —-
632 1788 740 1831 Quem
765 1816 772 1823 .
801 1815 807 1822 .
839 1815 846 1821 .
874 1789 1046 1821 obverteh.
1085 1801 1167 1822 sua:
1200 1789 1274 1820 -?
1328 1789 1552 1822 versiculus

109 1838 231 1871 Ennii
259 1848 304 1870 ex
330 1836 525 1883 tragoedia
544 1836 764 1870 Telamone.
794 1837 864 1868 cfr.
880 1835 1032 1869 Tuscul.
1057 1836 1220 1880 Disputt.
1248 1836 1322 1876 Ill,
1352 1839 1405 1881 18.
1450 1838 1556 1873 ..Auf

110 1887 239 1919 dessen
273 1884 510 1925 (Telamons)
536 1884 685 1916 Antlitz
717 1880 829 1916 selbst
863 1883 931 1916 der
957 1881 1152 1916 Griechen
1177 1882 1310 1928 Augen
1338 1884 1408 1916 mit
1435 1886 1552 1917 eifer·

110 1932 307 1977 siichtiger
330 1930 624 1978 Bewunderung
650 1937 750 1964 starr
775 1930 947 1977 geheftet
971 1932 1146 1964 waren.“
1172 1931 1270 1963 Eine
1298 1931 1475 1964 Pax-odie!
1506 1951 1552 1957 —-

111 1980 186 2024 [ne]
219 1980 279 2013 Sic
306 1979 406 2012 Crat.
434 1975 538 2013 Vici.
567 1981 598 2012 1.
626 1979 657 2012 2.
695 1978 823 2012 Lamb.
856 1977 989 2010 Graev.
1025 1978 1169 2011 excidit
1199 1983 1349 2022 7ee-post
1383 1983 1502 2012 tamen
1531 1990 1551 2012 e

109 2028 185 2060 Md.
214 2028 276 2060 sed
298 2033 417 2060 tamen
442 2029 504 2061 Ar.
530 2038 561 2071 q.
589 2029 611 2059 ἰ.
641 2027 736 2059 Socr.
764 2039 834 2059 non
861 2038 907 2057 er.
944 2025 1038 2058 Ern.
1073 2026 1212 2058 Bened.
1241 2020 1324 2059 seh.
1366 2031 1399 2059 et
1432 2031 1552 2061 tamen

111 2076 197 2108 vult
225 2073 427 2108 Santenius
454 2075 498 2107 ad
527 2074 779 2107 Terentianum
804 2085 840 2117 p.
866 2075 920 2107 31.
964 2073 1037 2105 ΟΒ.
1080 2076 1292 2117 Aristippus
1323 2073 1550 2115 Socraticus,

111 2123 348 2167 Cyrenaicae
373 2121 637 2165 philosophiae
665 2129 810 2162 auctor,
836 2121 902 2163 qui
930 2121 1163 2163 voluptatem
1192 2132 1384 2152 summum
1408 2122 1550 2155 bonum

112 2170 216 2204 fecit.
252 2169 351 2203 Vide
371 2169 415 2202 de
430 2169 527 2203 Orat.
548 2169 618 2209 111,
636 2172 698 2209 173
727 2170 771 2202 de
787 2170 934 2201 invent.
952 2169 998 2203 M.
1014 2169 1070 2202 58.
1104 2168 1322 2202 Tuscul.11.
1337 2171 1370 2203 6.
1410 2169 1550 2203 Acadd.

113 2214 181 2257 IV,
208 2217 262 2250 [25.
289 2216 333 2249 de
346 2216 470 2251 Officc.
497 2219 531 2256 1,
558 2220 614 2250 ¹41.
639 2236 685 2241 -—
711 2220 798 2250 esset
823 2218 855 2248 ei
880 2216 1061 2249 ohcectmn.
1090 2215 1216 2248 Lamb.
1237 2233 1281 2239 —
1302 2215 1421 2249 Laida
1448 2228 1551 2250 scor-

114 2273 194 2299 tuin
222 2263 366 2303 nobile,
407 2274 616 2307 paucorum
645 2264 868 2303 hominum,
907 2274 1045 2309 magno
1071 2263 1200 2306 pretio
1230 2264 1550 2299 consuetudinem

115 2311 223 2345 illius
243 2310 464 2345 ementium.
499 2310 587 2346 Vid.
608 2312 708 2346 Gell.
737 2313 771 2350 1,
796 2313 828 2345 8.
874 2311 1038 2342 Lactant.
1058 2311 1124 2351 Ill,
1152 2312 1204 2344 15.
1246 2310 1370 2343 haere.
1400 2313 1439 2344 in
1464 2312 1551 2345 Ari-

114 2358 228 2403 stippi
256 2358 345 2391 vita.
396 2357 634 2391 Athenaeum
660 2359 742 2392 XII.
780 2365 816 2392 et
840 2358 941 2390 XIII.
977 2357 1162 2391 Cleinent.
1190 2357 1298 2390 Alex.
1334 2358 1472 2393 Str-oui.
1500 2356 1550 2394 11.

115 2404 299 2440 MANUT.
325 2424 371 2430 -
396 2419 418 2438 α
443 2406 555 2439 La'ide
580 2406 654 2439 del.
683 2402 810 2439 Lamb.
841 2407 992 2438 Graece:
1019 2407 1124 2447 ,,ἔ’χω,
1152 2405 1215 2440 οὖν.
1242 2407 1402 2449 {yosccuf‘
1452 2408 1556 2446 „Auf

117 2451 346 2489 Griechisch
380 2453 470 2486 l'asst
504 2452 587 2486 sich
623 2454 685 2486 das
713 2453 860 2500 artiger
885 2454 1041 2497 sagen.“
1092 2454 1200 2486 Denn
1226 2455 1350 2496 ἔχομαι
1376 2454 1554 2495 ὺρᾶρμῒρῒ

116 2501 214 2534 auch
242 2500 419 2534 inhaereo.
458 2501 512 2533 De
539 2500 611 2533 hcc
639 2500 827 2544 Aristippi
855 2499 959 2532 (licto
986 2501 1060 2533 vid.
1089 2501 1226 2533 Acadd.
1253 2502 1304 2540 Π,
1331 2501 1459 2542 [ιῖμιὶθ
1489 2502 1554 2534 Fi-

117 2549 218 2583 nibb.
245 2549 282 2589 I,
307 2550 339 2582 7.
365 2549 399 2582 8.
426 2548 480 2586 Π,
508 2549 530 2583 6
567 2551 622 2581 11.
661 2567 706 2572 -—-
744 2551 958 2591 iteterpt·«‘.·t.,
993 2547 1179 2581 vcrsuche
1212 2548 1271 2580 Du
1309 2548 1482 2581 cinnuahl
1519 2562 1554 2583 es

118 2596 242 2629 besser
268 2607 315 2628 zu
342 2595 573 2634 iibersetzen,
600 2607 715 2628 wenn
733 2596 789 2628 Du
805 2596 893 2627 Lust
915 2595 1009 2628 hast.
1039 2615 1079 2619 -—
1106 2598 1231 2638 movit,
1257 2596 1323 2628 hat
1347 2597 1554 2641 angefcch-

118 2651 195 2676 ten.
230 2662 276 2667 —
310 2655 350 2675 ne
375 2655 468 2675 nunc·
492 2655 603 2675 senem
628 2655 676 2675 z:
700 2644 825 2676 nedum
851 2655 962 2676 senem
988 2642 1116 2676 hamb.
1157 2662 1199 2666 ——
1237 2644 1339 2676 Corev.
1366 2645 1451 2684 del„
1489 2645 1555 2678 ich

118 2691 239 2735 speise
266 2701 363 2737 gern
392 2690 432 2722 in
448 2689 714 2725 Gesellschaft.
736 2709 779 2715 -
797 2693 891 2735 quod
915 2693 951 2724 in
977 2691 1091 2723 solum
1118 2685 1224 2724 venit
1250 2687 1272 2724 i.
1298 2702 1327 2724 e.
1349 2691 1553 2734 quidlibet,

167 2762 245 2796 Cic.
262 2759 391 2795 Briefe
407 2772 438 2794 v.
455 2761 613 2795 Billcrb.
642 2761 711 2796 ΠΙ.
1203 2755 1249 2792 11
