1795 3081
4 1319 15 1361 12

5 1360 7 1433 l

491 77 810 134 EPISTULA
846 83 924 132 CC
931 84 1147 135 CCLXI.
1456 89 1551 136 123

97 207 402 248 doctrinarum
421 206 663 247 studiosum
693 206 825 245 fuisse
855 207 1099 260 omniaque,
1131 222 1242 262 quae
1270 222 1296 248 a
1323 207 1553 261 sapientis-

96 265 216 304 simis
259 263 315 303 ad
355 264 467 303 bene
507 260 744 301 vivendum
781 261 947 301 tradita
991 271 1145 315 essent,
1195 277 1362 304 summo
1406 262 1553 302 studio

98 332 291 371 curaque
330 318 546 358 didicisse.
627 316 747 368 ,Quae
791 316 966 369 quidem
1010 319 1081 357 vel
1120 321 1297 371 optimis
1340 319 1471 358 rebus
1511 323 1555 357 et

97 376 198 413 usui
238 382 281 414 et
318 373 600 413 delectationi
643 384 735 410 esse
777 378 977 424 possent:
1020 373 1087 411 his
1133 387 1240 413 vero
1283 373 1554 427 temporibus

98 429 306 469 habemus
335 427 456 467 aliud
485 427 613 476 nihil,
643 428 688 465 in
719 439 804 478 quo
835 428 1171 479 acquiescamus.
1229 430 1357 471 Nihil
1393 430 1553 467 faciam

100 486 365 524 insolenter:
409 484 549 536 neq'ue
586 488 630 521 te
661 482 740 521 tali
767 483 841 521 vel
870 484 1054 521 scientia
1091 484 1164 522 vel
1192 490 1351 523 natura
1379 482 1554 537 praedi-

99 546 194 579 tum
223 540 452 589 hortabor,
481 545 531 577 ut
559 536 613 576 ad
644 551 714 576 eas
743 543 786 577 te
816 539 981 576 referas
1012 544 1142 583 artes,
1175 540 1330 591 quibus
1354 552 1377 576 a
1397 539 1553 591 primis

100 596 371 648 temporibus
409 594 565 632 aetatis
607 591 798 631 studium
843 599 967 631 tuum
1005 592 1178 633 dedisti.
1252 593 1445 632 Tantum
1485 590 1594 631 ‹ii-4

101 663 210 701 cam,
253 648 369 702 quod
398 655 441 688 te
477 660 606 701 spero
645 648 1008 700 approbaturum,
1052 662 1121 688 me
1159 655 1442 701 posteaquam
1485 648 1557 686 illi

100 707 204 755 arti,
236 706 307 744 cui
337 703 604 753 studueram,
635 703 748 741 nihil
779 716 868 742 esse
898 704 987 741 loci
1016 717 1155 756 neque
1184 705 1231 742 in
1262 704 1387 742 curia
1416 716 1556 755 neque

100 762 146 799 in
175 763 274 799 foro
305 758 511 809 viderim,
545 771 716 797 omnem
748 772 888 798 meam
924 772 1075 797 curam
1113 765 1245 811 atque
1284 771 1462 810 operam
1502 756 1558 796 ad

99 815 425 869 philosophiam
474 814 723 853 contulisse.
805 813 928 852 Tuae
973 815 1185 853 scientiae
1236 813 1558 853 excellentiae

99 872 316 926 singulari
356 883 444 908 non
481 870 621 908 multo
675 869 787 921 plus,
834 882 963 921 quam
1005 876 1194 916 nostrae,
1246 869 1454 908 relictum
1494 873 1560 906 est

100 927 204 965 loci.
263 925 409 977 Quare
439 938 527 962 non
566 923 767 976 equidem
795 930 839 963 te
874 937 1055 972 moneo;
1102 923 1176 964 sed
1212 924 1323 962 mihi
1361 925 1423 962 ita
1457 935 1557 976 per-

101 983 232 1031 suasi,
272 988 315 1020 te
344 992 516 1033 quoque
544 980 591 1017 in
627 978 782 1017 iisdem
820 981 992 1018 versari
1020 979 1164 1029 rebus,
1204 991 1330 1032 quae,
1361 979 1493 1017 etiam
1522 978 1560 1016 si

103 1038 247 1076 minus
277 1035 550 1089 prodessent,
593 1036 786 1072 animum
818 1041 963 1074 tamen
997 1048 1022 1073 a
1050 1033 1396 1073 sollicitudinem
1425 1032 1561 1072 abdu-

103 1097 266 1131 cerent.
328 1090 510 1130 Servius
541 1088 716 1141 quidem
752 1097 852 1128 tuus
890 1091 936 1127 in
972 1090 1174 1128 omnibus
1211 1089 1412 1144 ingenuis
1452 1088 1562 1127 arti-

102 1148 181 1186 bus
211 1148 256 1185 in
273 1147 514 1198 primisque
544 1146 589 1182 in
610 1144 705 1194 hac,
728 1145 774 1183 in
798 1158 882 1196 qua
901 1158 981 1200 ego
1003 1158 1071 1184 me
1092 1146 1250 1196 scripsi
1268 1145 1563 1196 acquiescere,

102 1204 166 1242 ita
194 1207 413 1250 versatur,
443 1207 493 1239 ut
522 1200 729 1239 excellat:
769 1213 794 1238 a
822 1213 891 1238 me
920 1213 1028 1239 vero
1059 1201 1122 1238 sic
1151 1199 1371 1254 diligitur,
1400 1204 1451 1237 ut
1478 1199 1564 1237 tibi

104 1258 182 1296 uni
213 1255 464 1305 concedam,
502 1261 734 1307 praeterea
770 1256 958 1304 nemini,
997 1254 1193 1306 mihique
1231 1254 1284 1293 ab
1327 1266 1378 1293 eo
1418 1254 1565 1309 gratia

105 1314 323 1352 refertur:
370 1312 415 1348 in
457 1322 541 1362 quo
578 1310 656 1349 ille
707 1311 942 1361 existimat,
999 1308 1116 1362 quod
1164 1310 1296 1348 facile
1338 1314 1562 1362 appareat,

105 1380 239 1420 quum
267 1379 335 1404 me
365 1366 483 1404 colat
516 1370 559 1404 et
588 1365 807 1416 observet,
844 1365 927 1405 tibi
958 1377 1129 1417 quoque
1166 1365 1212 1402 in
1249 1377 1298 1404 eo
1336 1377 1381 1402 se
1419 1365 1564 1405 facere

105 1423 415 1479 gratissimum.

107 1594 206 1627 coni.
254 1590 302 1626 So
331 1602 387 1635 ep.
416 1590 585 1629 ccccl„
610 1593 643 1625 6.
684 1607 726 1615 —
765 1590 822 1622 vel
845 1591 974 1632 optim.
1002 1591 1085 1626 reb„
1123 1599 1235 1636 sogal·
1261 1589 1302 1622 in
1329 1590 1402 1624 den
1427 1590 1566 1637 gliick-

106 1641 274 1675 lichsten
299 1639 543 1674 Umst'a'nden.
579 1657 626 1662 ——-
663 1638 851 1682 acquiesc.‚
883 1637 1010 1670 worin
1047 1636 1122 1670 wir
1147 1638 1402 1685 Beruhigung·
1436 1637 1568 1671 finden

107 1690 292 1722 konnten.
321 1706 362 1712 —
393 1687 498 1720 Nihil
511 1685 592 1729 fac.
630 1687 750 1723 insol„
778 1684 842 1717 ich
869 1684 998 1717 werde
1030 1685 1107 1717 mir
1131 1684 1268 1718 Nichts
1310 1685 1569 1733 ungebiihrli-

109 1737 198 1771 ches
224 1735 557 1773 herausnehmen;
596 1745 672 1767 was
708 1732 883 1765 nachher
915 1745 986 1765 non
1020 1733 1176 1777 equidem
1201 1739 1236 1765 te
1261 1745 1399 1767 moneo.
1433 1752 1480 1759 —
1511 1734 1570 1767 de-

108 1786 206 1818 disti.
243 1783 466 1831 Meum-Lag.
496 1781 596 1816 coni.
625 1783 803 1815 adiecisti.
832 1781 1009 1813 Nemone
1035 1781 1236 1815 dedidisti?
1272 1782 1346 1815 OR.

204 1857 236 1888 ll.
272 1856 364 1888 Tuae
389 1857 567 1888 'scientiae
599 1853 693 1885 iuris
721 1853 850 1886 civilis
877 1854 1072 1886 excellenti.
1101 1851 1203 1884 Vicit
1230 1853 1331 1886 enim
1357 1852 1431 1886 hac
1458 1851 1569 1886 laude

109 1903 304 1948 Sulpicius
332 1913 461 1936 omnes
487 1901 714 1946 superiores.
743 1901 826 1934 Vid.
855 1900 959 1934 Brut.
989 1911 1018 1933 c.
1046 1903 1102 1934 41.
1129 1918 1176 1924 -—
1202 1905 1234 1933 te
1262 1913 1409 1946 quoque.
1446 1902 1571 1934 Mart.-

110 1953 201 1998 Lag.
230 1962 363 1996 quoque
390 1953 499 1983 etiam
526 1954 658 1982 contra
684 1948 757 1984 Md.
804 1949 855 1982 Et
893 1948 968 1981 hoc
1005 1948 1160 1982 omnino
1195 1948 1262 1980 vix
1296 1949 1423 1982 locum
1458 1948 1572 1981 habet

110 1999 211 2044 apud
239 1999 332 2040 Cic„
362 1998 433 2030 nisi
460 1999 534 2030 ita:
566 2009 640 2030 non
672 1998 800 2037 solam,
827 1996 889 2029 secl
913 2009 953 2029 ea
978 2008 1113 2042 quoque
1138 1997 1265 2036 etiam,
1300 2002 1343 2029 ut
1375 1996 1477 2029 infra
1502 1996 1572 2040 Ep.

111 2050 144 2086 8,
171 2048 198 2090 §.
228 2050 262 2080 1.
291 2048 366 2080 OR.
404 2065 450 2069 —
488 2046 631 2078 Servius
657 2045 797 2090 quidem
823 2049 905 2077 tuus
941 2044 966 2076 i.
993 2055 1022 2076 e.
1053 2049 1137 2076 tuus
1164 2043 1276 2078 filius.
1326 2044 1383 2077 Er
1407 2055 1491 2076 war
1516 2043 1571 2076 im

112 2095 279 2141 vorigen
308 2094 421 2127 lahre
446 2093 696 2126 Volkstribun
723 2103 922 2140 gewesenq
950 2091 1120 2123 n'cimlich
1146 2094 1226 2127 707.
1255 2110 1300 2116 -
1327 2095 1364 2124 z'n
1390 2091 1466 2125 hac.
1509 2090 1572 2125 Sic

114 2143 188 2176 Md.
219 2143 320 2175 Crat.
347 2142 443 2174 Vict.
474 2144 505 2175 1.
533 2143 565 2175 2.
596 2141 723 2173 Lamb.
752 2141 990 2185 Mart-Lag.
1025 2137 1109 2173 sch.
1138 2150 1212 2172 om.
1241 2142 1279 2172 in
1308 2139 1446 2173 Graev.
1473 2140 1570 2173 Ern-

111 2190 251 2223 Bened.
287 2190 380 2223 Liin.
422 2190 493 2223 ΟΒ.
532 2207 578 2212 ——-
618 2194 656 2221 ut
687 2190 757 2222 tihi
790 2191 852 2221 uni
891 2188 929 2219 in
965 2187 1040 2219 hoc
1068 2189 1269 2227 concedam,
1306 2187 1385 2220 dass
1412 2186 1476 2220 ich
1502 2186 1574 2220 Dir

113 2238 232 2270 alleiu
260 2238 369 2269 ‹larin
397 2237 469 2270 den
494 2237 647 2283 Vorzug
672 2237 777 2270 lasse.
806 2255 852 2260 —
876 2237 1001 2279 gratia
1028 2234 1197 2279 refertur,
1227 2246 1269 2268 er
1295 2235 1470 2269 erweiset
1495 2234 1573 2266 mir

114 2286 226 2318 dasiir
241 2286 344 2318 seine
359 2284 717 2318 Erkenntlichkeit.
738 2303 784 2308 —-
803 2286 898 2329 quod
909 2283 989 2327 fac.
1012 2288 1204 2328 appareat,
1223 2295 1329 2324 „was
1343 2294 1432 2315 man
1452 2281 1575 2316 leicht

113 2334 253 2370 sieht,·‘
280 2333 431 2366 bezieht
458 2333 540 2365 sich
568 2333 694 2365 ausin
723 2345 790 2378 quo
817 2334 878 2364 ille
906 2333 1099 2364 existimat.
1127 2350 1174 2355 -—-
1202 2342 1308 2377 quum
1333 2343 1400 2374 me,
1426 2330 1510 2364 Asc.
1538 2331 1571 2364 1.

113 2382 242 2414 Lamb.
272 2383 377 2426 quod,
406 2380 520 2414 Codd.
549 2381 696 2425 aliquot
722 2392 787 2414 cut·
812 2379 920 2424 prob.
948 2379 1086 2413 Beued.
1117 2381 1189 2414 ΟΒ.
