1795 3081
485 79 802 130 EPISTOLA
835 84 1155 137 DCXXXVI.
1451 94 1545 140 411

20 194 24 259 J
87 204 325 244 Phameam
371 200 692 250 destituissem,
746 199 801 242 de
856 216 904 245 se
949 208 1182 261 suspicari.
1274 210 1424 263 Quare
1463 213 1549 253 tibi

21 262 23 270 ²
88 259 304 299 hactenus
333 256 511 302 mando,
548 256 602 295 de
632 256 712 296 illo
744 264 915 309 nostro,
959 263 997 302 si
1028 262 1135 316 quid
1165 266 1349 317 poteris,
1394 269 1549 321 exqui-

19 322 23 368 3
88 327 189 354 ras:
231 313 286 353 de
317 325 386 352 me
417 325 472 351 ne
502 310 610 364 quid
641 311 827 352 labores.
880 315 957 356 Est
989 318 1149 357 bellum
1181 319 1379 373 aliquem
1410 321 1547 363 liben-

87 375 159 409 ter
190 368 364 416 odisse3
408 373 453 406 et
482 365 852 418 quemadmodum
895 368 989 419 [non
1017 372 1203 410 omnihus
1231 375 1428 425 dormire,
1468 376 1546 427 ita]

19 426 22 448 ³
88 436 174 462 non
207 423 412 463 omnibus
442 421 627 460 servire.
685 421 779 462 Etsi
818 423 1089 477 mehercule,
1135 435 1188 468 ut
1227 434 1276 468 tu
1311 430 1545 490 intelligis,

20 475 21 479 ’
85 478 227 533 magis
257 477 368 517 mihi
397 476 474 516 isti
503 475 722 525 serviunt,
765 478 804 518 si
840 479 1077 522 observare
1106 483 1276 525 servire
1306 492 1383 527 est.

215 658 532 709 EPISTOLA
567 654 881 706 DCXXXVI.
918 654 1000 715 (ad
1035 656 1149 705 Div.
1181 657 1287 707 V11.
1315 659 1416 718 24.)

191 747 273 783 Ser.
300 747 343 782 in
369 747 587 782 Tusculano
614 744 731 780 initio
757 743 858 789 Sept.
884 744 926 777 A.
954 744 999 778 U.
1025 745 1066 779 C.
1092 748 1172 782 709.
1221 747 1271 788 (a.
1299 746 1341 781 C.
1367 748 1441 790 45.)

329 820 385 854 De
412 818 549 863 iniqua
573 816 738 866 Tigellii
769 826 860 864 erga
886 826 923 849 se
949 816 1160 851 iracundia.
1195 820 1299 854 1-2,

416 889 593 924 CICERO
629 887 668 923 S.
702 888 746 921 D.
772 886 825 921 Μ.
861 887 1006 923 FABIO
1040 888 1215 924 GALLO.

194 962 369 1002 Amoris
407 960 584 1015 quidem
623 963 703 1011 tui,
749 973 920 1014 quoquo
956 974 1023 1000 me
1062 963 1194 1013 verti,
1240 964 1439 1017 vestigia,
1476 965 1549 1006 vel

83 1019 280 1071 proxime
311 1016 363 1058 de
392 1017 598 1071 Tigellio.
656 1015 782 1056 Sensi
821 1017 937 1055 enim
976 1029 1027 1055 ex
1054 1018 1197 1056 literis
1233 1018 1321 1057 tuis
1349 1019 1477 1060 valde
1506 1026 1549 1060 te

85 1073 323 1112 laborasse.
381 1072 493 1112 Amo
536 1073 676 1126 igitur
720 1071 1004 1112 voluntatem.
1077 1071 1164 1111 Sed
1208 1086 1346 1126 pauca
1388 1073 1442 1115 de
1483 1088 1547 1115 re.

85 1126 236 1180 Cipius
265 1147 320 1154 --
348 1129 508 1179 opinor
535 1146 588 1153 —
616 1127 740 1175 olim,
795 1125 928 1176 „Non
969 1128 1171 1166 omnibus
1213 1126 1436 1168 dormioz‘⁴
1482 1131 1549 1170 sic

10 1220 15 1231 ‚
84 1195 162 1236 ego
192 1195 277 1221 non
307 1183 520 1228 omnibus,
562 1183 623 1220 mi
653 1180 792 1231 Galle,
834 1182 996 1220 servio.
1053 1181 1145 1221 Etsi
1184 1196 1296 1235 quae
1338 1191 1402 1224 est
1440 1184 1549 1225 haec

9 1235 12 1250 ’
82 1238 304 1277 servitus?
335 1235 465 1287 Olim,
497 1249 632 1290 quum
655 1248 838 1290 regnare
867 1237 1233 1289 existimabamur,
1263 1251 1351 1278 non
1380 1245 1470 1279 tam
1493 1241 1548 1281 ab

8 1377 12 1386 »
82 1358 196 1392 nisch
233 1370 359 1407 geg-en
393 1359 505 1395 ihn.“
540 1378 587 1385 —
631 1361 761 1404 Quare,
796 1370 866 1405 pro
903 1370 978 1404 quo
1015 1373 1123 1406 quam
1156 1373 1231 1394 rem
1263 1360 1404 1402 ‚‚Alii“
1429 1361 1471 1395 in
1497 1374 1547 1399 m.

83 1409 188 1443 1584.
226 1408 302 1440 ΟΒ.
339 1425 380 1432 -
415 1407 584 1442 hactenus
606 1418 655 1440 =
679 1407 790 1442 bloss.
826 1425 871 1432 —
910 1409 952 1442 de
978 1410 1042 1441 illo
1068 1413 1206 1451 nostro,
1241 1409 1357 1442 Balbo
1383 1410 1546 1444 minore.

81 1473 129 1480 —
155 1456 196 1488 de
220 1456 482 1495 me...labor„
507 1456 791 1504 meinetwegen
828 1455 921 1489 aber
954 1456 1008 1490 sei
1040 1456 1262 1504 unbesorgt.
1301 1474 1346 1482 -
1384 1458 1452 1491 Est
1477 1459 1549 1492 bel-

82 1504 372 1543 lum...0disse,
410 1515 526 1537 wenn
562 1515 651 1536 man
685 1503 897 1537 lemanden
935 1503 1048 1545 hasst,
1093 1515 1132 1537 so
1172 1505 1220 1538 ist
1247 1516 1283 1538 es
1309 1505 1548 1553 wenigstens

81 1549 241 1592 hiibsch,
268 1550 439 1584 Ursache
460 1551 556 1584 dazu
572 1563 620 1584 zu
640 1550 777 1591 haben,
804 1551 897 1592 und,
924 1553 1000 1586 wie
1027 1563 1115 1585 man
1143 1552 1243 1585 nach
1269 1552 1354 1586 dem
1382 1551 1546 1598 Sprich-

82 1604 206 1631 worte
247 1597 360 1632 nicht
392 1600 457 1632 fiir
484 1599 714 1632 leder-mann
752 1597 906 1640 schram,
949 1599 1049 1634 auch
1087 1600 1198 1633 nicht
1233 1600 1462 1634 ledermann
1496 1613 1547 1634 zu

83 1644 270 1679 Diensten
296 1657 343 1678 zu
369 1646 515 1682 stehen.
555 1644 643 1690 [non
678 1648 839 1680 omnibus
864 1647 1032 1689 dormire,
1065 1648 1139 1691 ita]
1176 1647 1270 1681 Cum
1298 1647 1387 1682 Sch.
1414 1649 1547 1693 (Liin.)

82 1694 215 1737 recepi
253 1694 500 1740 ingeniosum
526 1694 656 1728 Lamb.
683 1695 796 1739 suppl
837 1695 880 1727 in
904 1696 1040 1731 Adnot.
1065 1696 1319 1740 propositum.
1347 1698 1546 1741 quemccdm.

83 1753 155 1774 ηοη
183 1743 344 1775 omnibus
370 1744 512 1775 servire.
540 1742 635 1777 cett.
666 1741 859 1776 ORELLI.
886 1743 978 1790 Vgl.
1008 1743 1081 1776 den
1102 1742 1190 1781 Anf,
1211 1743 1274 1777 des
1294 1744 1389 1792 folg.
1408 1745 1547 1780 Briefs.

82 1806 128 1814 -
154 1791 230 1829 isti,
257 1790 485 1823 Caesariani.
512 1807 557 1814 —-
582 1794 713 1835 magis,
750 1802 864 1833 quam
893 1802 961 1838 ego
989 1791 1093 1836 ipsis.
1121 1809 1167 1815 —
1193 1792 1392 1831 observare,
1417 1803 1546 1841 grosse

83 1836 444 1870 Aufmerksamkeit
470 1837 534 1870 fiir
561 1837 773 1871 lemanden
799 1837 934 1872 haben.

176 1907 324 1941 FABIO
353 1907 524 1943 GALLO.
576 1908 610 1941 S.
639 1921 686 1942 zu
714 1920 770 1953 ep.
797 1908 881 1942 XCI
909 1909 964 1942 im
991 1909 1081 1946 Ans.
1132 1910 1254 1944 Orelli
1281 1911 1370 1946 will
1397 1911 1449 1945 im
1476 1922 1546 1946 vo-

84 1955 195 2003 rigen
222 1956 350 1989 Briefe
377 1956 404 1999 §.
432 1960 463 1991 1.
490 1957 647 1999 Fadius5
679 1957 786 2004 giebt
812 1956 902 1989 aber
937 1957 978 1989 in
1007 1957 1150 1991 diesem
1178 1959 1258 1992 und
1285 1959 1339 1992 im
1366 1962 1446 1995 639.
1472 1962 1547 1994 Fa-

85 2005 157 2044 bio,
196 2003 257 2036 die
293 2003 392 2036 doch
431 2004 503 2038 mit
531 2005 658 2038 ienem
686 2007 726 2037 in
755 2004 825 2037 der
850 2011 1086 2051 genauesten
1113 2006 1374 2054 Verbindung
1398 2008 1545 2044 stehen.

86 2052 145 2084 An
173 2050 311 2084 Fadius
337 2051 471 2084 Gallus
499 2051 584 2086 sind
614 2064 698 2097 epp.
727 2054 795 2087 179
820 2052 898 2084 und
925 2054 1008 2093 467,
1034 2064 1082 2085 an
1109 2053 1245 2088 Fabius
1268 2054 1402 2089 Gallus
1429 2056 1545 2102 dage·

83 2110 159 2146 gen
187 2109 272 2142 epp.
297 2101 353 2134 91.
382 2102 462 2134 12'4.
489 2102 560 2135 636
585 2101 661 2133 und
690 2103 759 2136 639
786 2099 1052 2146 geschrieben.

178 2148 211 2179 1.
260 2150 361 2182 verti.
406 2148 462 2181 De
488 2148 641 2182 Ernest.
669 2159 766 2192 susp.
794 2147 880 2182 Sch.
908 2149 1005 2181 Liin.
1039 2153 1149 2184 verto,
1191 2150 1264 2184 ΟΒ.
1299 2168 1345 2176 —
1386 2154 1544 2197 vestigia

83 2193 342 2238 reperiuntur
379 2195 444 2228 vel
482 2195 694 2240 conspicio,
733 2196 944 2228 observavi.
979 2214 1025 2221 —
1059 2199 1115 2230 vel
1140 2210 1242 2242 prox.
1278 2199 1310 2231 d.
1345 2201 1396 2239 T„
1432 2211 1543 2247 sogar

84 2241 187 2275 noch
215 2253 285 2275 vor
314 2241 477 2275 Kurzem
505 2243 564 2277 bei
592 2242 856 2290 Gelegenheit
883 2244 946 2276 (les
977 2243 1146 2278 Vox-falls
1173 2247 1245 2279 mit
1270 2246 1476 2294 Tigellius.
1495 2266 1543 2273 —

84 2291 187 2322 valde
212 2294 245 2323 te
271 2291 466 2331 lahorasse,
495 2290 573 2323 dass
601 2291 702 2324 diese
729 2290 962 2325 Geschichte
989 2291 1062 2324 Dir
1087 2292 1180 2327 viel
1206 2306 1254 2326 zu
1281 2295 1450 2329 schaffen
1475 2307 1543 2342 ge-

85 2336 215 2370 macht
241 2336 319 2370 hat.
340 2357 381 2362 —
409 2339 450 2372 de
476 2351 512 2371 re
537 2339 715 2371 scribam.
737 2357 782 2363 —
805 2339 945 2383 Cipius.
972 2338 1035 2372 Sic
1053 2340 1182 2374 Festus
1208 2341 1250 2374 in
1275 2341 1355 2376 Non
1381 2345 1544 2377 omnihus

84 2386 234 2418 dormio.
261 2385 388 2420 Lamb.
416 2386 531 2433 Beng.
558 2386 693 2419 Bened.
724 2387 841 2419 Citius
866 2387 943 2420 Md.
969 2388 1085 2431 Neap.
1111 2388 1192 2424 Asc,
1216 2391 1244 2421 1.
1281 2391 1415 2434 Capias
1441 2390 1542 2424 Crat.

88 2432 195 2466 Vict.
222 2432 359 2466 Graev.
388 2433 481 2468 Ern.
509 2434 594 2468 Sch.
622 2434 716 2467 Ιιίἰη.
747 2435 873 2477 Copias
907 2434 1009 2468 Crat.
1049 2436 1122 2469 ΟΒ.
1158 2437 1285 2470 Ueber
1312 2438 1374 2471 die
1399 2438 1542 2472 Veran-

84 2479 241 2526 lassung
274 2492 322 2512 zu
356 2480 498 2514 diesem
525 2480 793 2525 Sprichworte
826 2482 1003 2516 bennerkt
1034 2483 1228 2516 Manutius
1261 2496 1326 2518 aus
1360 2484 1446 2519 dem
1473 2485 1543 2519 Fe-

88 2534 168 2560 stus
194 2526 274 2559 und
300 2527 506 2561 Plutarch:
544 2529 744 2561 Nimirum
773 2529 843 2562 ille
869 2529 1036 2574 (Cipius)
1062 2531 1233 2564 dormire
1260 2543 1298 2565 se
1324 2531 1543 2572 simulabat,

86 2585 162 2618 quo
188 2574 348 2607 liberius
374 2587 471 2610 uxor
498 2576 778 2610 moecharetur.
827 2576 943 2610 Servo
980 2583 1105 2612 autem
1139 2579 1278 2622 pocula
1310 2580 1409 2613 clam
1437 2581 1540 2612 aufe-

84 2627 212 2655 rente:
239 2622 330 2662 Non,
357 2623 499 2666 inquit,
526 2626 687 2657 omnibus
712 2626 863 2658 dormio.
888 2644 928 2649 —
954 2626 1037 2659 Etsi
1062 2639 1150 2671 quae
1177 2631 1228 2659 est
1251 2627 1337 2660 haec
1361 2628 1541 2661 servitus?

87 2670 195 2709 „und
222 2669 320 2702 doch
334 2689 380 2694 —
399 2672 500 2704 kann
524 2684 610 2704 man
631 2672 735 2705 wohl
758 2672 884 2705 meine
902 2673 1004 2719 Lag-e
1025 2673 1314 2707 Dienstbarkeit
1331 2676 1540 2708 nennen?“

88 2716 182 2751 Wie
207 2717 423 2766 vorsichtig
449 2719 586 2753 Cicero
621 2719 814 2754 schreibt!
855 2737 899 2745 —
937 2734 1089 2766 regnare
1112 2731 1158 2753 =
1184 2720 1290 2756 Alles
1314 2734 1362 2756 zu
1389 2723 1540 2756 vermo-
