1795 3081
232 81 326 128 328
470 81 533 127 Μ.
570 77 621 124 Τ.
660 76 1001 126 CICERONIS
1039 77 1415 128 EPISTOLAE.

359 196 678 248 EPISTOLA
716 195 1013 247 DLXXXV.
1078 198 1160 257 (ad
1196 199 1297 247 ΑΗ.
1332 200 1466 247 XIII.
1503 203 1571 260 2.)

297 289 375 321 Ser.
405 289 444 320 in
471 287 690 320 Tusculano
718 285 780 319 IX.
809 287 890 321 Kal.
920 287 1048 330 Quint.
1077 287 1117 319 A.
1146 287 1191 321 U.
1219 287 1258 321 e.
1286 289 1366 323 709.
1407 290 1455 331 (a.
1487 289 1526 323 e.
1555 291 1636 334 45.)

233 360 287 394 De
317 358 578 402 literislAttici
605 364 643 392 et
669 358 836 405 negotiis
865 358 898 392 ei
922 359 1125 392 mandatis.
1156 361 1185 394 1.
1214 359 1259 392 de
1274 359 1490 393 Ariarathis
1515 361 1694 397 adventu.

389 408 421 442 2.
452 407 496 441 de
525 406 704 441 auctione
730 406 935 447 Peducaei3
963 408 1008 440 de
1036 407 1216 451 Dionysii
1245 407 1384 441 literis.
1424 410 1529 443 3-4.

735 476 914 512 CICERO
941 477 1122 512 ATTICO
1151 478 1188 512 S.

342 551 522 591 Gratior
551 549 661 591 mihi
691 551 889 591 celeritas
920 557 996 591 tua
1027 564 1155 604 quam
1186 552 1283 605 ipsa
1312 563 1394 592 res.
1436 551 1551 605 Quid
1582 554 1698 594 enim

234 605 484 661 indignius?
526 606 599 645 sed
641 608 729 646 iam
767 605 821 645 ad
859 608 942 645 ista
979 606 1268 646 obduruimus
1310 614 1352 646 et
1382 608 1698 649 humanitatem

232 675 402 700 omnem
440 663 650 701 exuimus.
709 661 828 701 Tuas
867 662 1017 701 literas
1058 661 1186 701 hodie
1227 664 1547 716 exspectabam,
1587 666 1699 704 nihil

233 715 434 768 equidem
463 723 513 755 ut
542 730 594 756 ex
622 718 677 755 iis
705 718 829 757 novi:
861 716 968 768 quid
989 718 1131 756 enim?
1162 717 1492 758 Verumtamen.
1526 749 1534 757 .
1568 749 1577 758 .
1610 719 1698 774 Op-

231 774 302 824 pio
342 779 383 810 et
413 771 548 811 Balbo
579 772 785 826 epistolas
816 769 981 811 deferri
1011 772 1204 823 iubebis,
1251 779 1293 811 et
1322 779 1465 812 tamen
1495 774 1699 814 Pisonem

231 827 374 866 sicubi
405 826 458 866 de
488 840 611 867 auro.
670 827 880 866 Faberius
910 828 947 866 si
977 829 1173 876 venerit,
1207 827 1403 879 videbis,
1448 835 1499 868 ut
1526 836 1698 870 tantum

231 883 514 931 attribuatur,
544 884 581 921 si
611 881 739 921 modo
770 882 1052 929 attribuetur,
1085 887 1298 934 quantum
1328 882 1523 924 debetur.
1571 885 1698 924 Acci-

190 932 325 991 Zpies
365 937 417 977 ab
459 937 604 978 Erote.
659 937 940 987 Ariarathes,
986 939 1283 977 Ariobarzani
1321 938 1466 989 filius,
1516 939 1698 979 Romam

229 994 364 1033 venit.
437 992 570 1039 Vult,
615 993 795 1044 opinor,
841 1004 1024 1048 regnum
1062 991 1242 1046 aliquod
1272 1005 1416 1033 emere
1446 1007 1470 1033 a
1501 994 1699 1035 Caesare.

230 1047 366 1096 Nam,
408 1059 495 1101 quo
525 1046 652 1087 modo
682 1060 797 1086 nunc
827 1053 909 1098 est,
948 1046 1104 1105 pedem
1133 1049 1210 1088 ubi
1239 1054 1372 1103 ponat
1402 1050 1450 1088 in
1480 1062 1582 1100 suo,
1613 1062 1698 1090 non

230 1103 370 1143 habet.
445 1101 636 1147 Omnino
687 1115 786 1142 eum
834 1100 1004 1144 Sestius
1060 1109 1209 1144 noster
1255 1103 1462 1158 parochis
1506 1105 1698 1159 publicis

326 1245 356 1277 1.
410 1243 576 1280 celeritas
601 1247 666 1275 tua
694 1243 734 1275 in
762 1242 991 1275 nuntiando.
1029 1241 1132 1276 SCH.
1161 1260 1207 1267 ——
1232 1255 1343 1288 quam
1368 1246 1451 1288 ipsa
1476 1254 1551 1282 res,
1580 1254 1697 1286 quam

228 1287 331 1321 mihi
360 1290 561 1324 nuntiasti.
612 1290 781 1325 Videtur
810 1290 853 1322 ad
883 1289 1041 1333 aliquod
1071 1290 1280 1324 Terentiae
1308 1292 1453 1324 facturn
1480 1290 1694 1335 pertinere.

230 1337 331 1373 SCH.
359 1357 405 1362 —
443 1339 650 1384 indignius,
678 1337 1095 1385 Niedertr'achtigeres.
1123 1357 1168 1363 —
1205 1341 1256 1371 ad
1278 1341 1372 1379 ista,
1411 1350 1536 1386 gegen
1564 1337 1696 1372 solche

227 1385 355 1433 Dinge
382 1385 469 1419 sind
494 1387 572 1420 wir
597 1386 717 1419 sehon
746 1385 1046 1432 abgeh'cirtet.—-
1071 1386 1340 1420 humanitatem
1367 1386 1391 1419 i.
1419 1398 1451 1420 e.
1479 1386 1696 1419 humanum

227 1445 382 1472 sensum
412 1433 620 1469 malorum.
647 1434 751 1467 SCH.
778 1453 824 1458 —
849 1433 946 1467 nihil
970 1461 978 1468 .
1007 1462 1013 1468 .
1040 1438 1125 1468 novi
1150 1435 1236 1468 scil.
1264 1435 1502 1474 ediscerem,
1532 1433 1696 1467 freilioh

225 1492 297 1528 gar
324 1481 449 1522 nicht,
476 1493 543 1514 um
571 1488 689 1517 etwas
716 1483 842 1515 Neues
869 1482 1005 1516 daraus
1031 1495 1080 1515 zu
1106 1482 1359 1516 vernehmen.
1387 1501 1434 1507 —-
1479 1481 1568 1529 quid
1590 1484 1697 1520 enim,

227 1530 330 1563 denn
357 1530 450 1565 Was
477 1529 626 1564 k‘onnte
653 1530 716 1564 das
752 1530 868 1564 sein?
918 1529 966 1564 So
1003 1530 1085 1564 viel
1124 1530 1209 1564 hab'
1249 1530 1316 1563 ich
1353 1530 1475 1564 sehon
1515 1529 1696 1564 erfahren

227 1579 400 1611 miissen!
429 1596 475 1602 —
504 1577 760 1613 Verumtamen
788 1578 873 1612 scil.
902 1578 995 1611 novi
1023 1577 1117 1622 quid
1143 1578 1321 1613 accidere
1353 1578 1541 1623 potuerit.
1592 1578 1696 1621 Apo·

226 1625 396 1669 siopesis.
423 1644 469 1651 --
495 1628 682 1671 epistolas,
712 1626 848 1670 quibus
876 1636 938 1659 eos
966 1625 1105 1659 Cicero
1132 1633 1351 1674 rogaverat,
1378 1632 1421 1660 ut
1449 1625 1694 1659 exactionem

226 1673 436 1707 Faberiani
464 1675 637 1708 nominis
664 1674 905 1708 adiuvarent.
929 1673 1118 1707 MANUT.
1154 1673 1187 1709 S.
1216 1686 1264 1707 zu
1292 1685 1350 1718 ep.
1378 1675 1462 1714 547,
1487 1675 1521 1708 2.
1547 1674 1631 1714 577,
1660 1676 1693 1706 1.

227 1740 269 1747 —
299 1726 334 1755 et
360 1728 479 1756 tamen
506 1722 670 1755 Pisonem
696 1722 814 1755 sicubi
846 1722 991 1766 poteris
1019 1722 1243 1760 convenias,
1270 1729 1313 1755 ut
1340 1732 1428 1754 cuin
1456 1732 1499 1754 eo
1527 1720 1572 1753 de
1600 1731 1694 1754 auro

226 1769 480 1814 colloquaris,
508 1769 859 1816 „dessungeachtet
884 1768 989 1809 rede,
1027 1781 1145 1804 wenn
1166 1770 1225 1802 Du
1253 1770 1327 1802 den
1348 1770 1431 1802 Piso
1459 1769 1600 1815 irgend
1626 1779 1694 1801 an-

225 1816 368 1859 triffst,
398 1818 470 1851 mit
498 1818 582 1851 ihm
617 1829 755 1864 wegen
793 1817 854 1850 des
889 1817 1105 1850 bewussten
1133 1817 1313 1851 Goldes.“
1364 1817 1422 1849 Er
1456 1817 1570 1850 sollte
1605 1828 1692 1849 zum

225 1865 387 1898 Ankauf
417 1866 480 1899 des
509 1866 623 1900 Parks
651 1877 739 1899 vom
767 1864 1039 1899 Geldh'andler
1065 1878 1100 1897 u.
1128 1865 1341 1900 Wechsler
1366 1865 1449 1897 Piso
1483 1863 1584 1897 noch
1612 1871 1695 1897 ent-

226 1913 357 1947 weder
384 1913 482 1947 Gold
519 1915 583 1947 fiir
618 1915 761 1947 Zinsen
797 1912 983 1945 anleihen
1020 1913 1113 1946 oder
1149 1913 1210 1946 bei
1247 1913 1330 1946 ihm
1360 1912 1487 1946 Silber
1522 1912 1564 1943 in
1593 1911 1694 1944 Gold

224 1962 503 1995 uinwechseln.
556 1961 592 1995 S.
623 1973 682 2006 ep.
711 1964 791 2002 449,
819 1962 852 1995 2.
883 1962 965 2003 590,
992 1962 1027 1996 2.
1079 1961 1180 1994 Oder
1205 1961 1297 1994 aber
1324 1960 1452 1993 dieser
1476 1959 1607 1994 Wink
1635 1959 1696 1992 be-

224 2008 335 2043 zieht
362 2010 445 2042 sich
482 2011 548 2042 auf
580 2010 641 2042 dic
675 2009 1010 2056 Verwechselung
1043 2009 1166 2042 seines
1202 2007 1533 2055 Silbergeschirrs
1568 2018 1693 2054 gegen

225 2057 337 2092 Gold.
387 2077 421 2082 —
465 2064 503 2090 ut
531 2063 676 2091 tantum
710 2058 744 2090 ei
781 2059 911 2090 attrih.
960 2056 1054 2097 (Wie
1081 2057 1216 2105 Margo
1245 2058 1337 2091 1584
1375 2056 1495 2102 gibt),
1535 2056 1557 2090 i.
1588 2066 1618 2088 e.
1651 2061 1696 2088 ut

224 2111 388 2145 tantum,
406 2112 593 2149 quantum
610 2106 792 2139 Faberius
809 2105 931 2143 debet,
942 2105 1210 2139 venditoribus
1224 2104 1430 2138 hortorum
1445 2103 1694 2144 attribuatur,

225 2153 255 2184 si
278 2154 391 2186 modo
412 2154 648 2187 attribuetur
671 2155 693 2186 i.
717 2166 745 2187 e.
770 2154 799 2186 si
823 2154 935 2186 modo
961 2164 1034 2198 per
1062 2154 1351 2200 delegationem
1378 2151 1563 2184 solvetur.
1592 2150 1692 2183 SCH.

224 2205 436 2246 —ccccz’pz‘es
454 2202 497 2234 ab
511 2202 621 2235 Erote
649 2203 792 2235 liberto
819 2207 883 2234 tuo
912 2201 935 2232 i.
959 2213 989 2234 e.
1018 2211 1224 2248 cognosces
1252 2200 1295 2233 ab
1323 2210 1382 2240 eo,
1411 2205 1599 2242 quantum
1627 2208 1694 2231 no-

223 2249 281 2282 bis
309 2261 328 2282 a
356 2249 519 2282 Faberio
558 2250 750 2283 debeatur.
800 2249 833 2281 Is
863 2249 967 2282 enim
996 2248 1199 2282 Ciceronis
1237 2248 1408 2282 rationes
1447 2246 1691 2290 procurabat.

224 2296 407 2331 MANUT.
444 2296 477 2332 S.
500 2309 557 2341 ep.
572 2297 777 2337 DXXXHI,
805 2299 825 2331 3
851 2309 885 2331 u.
904 2307 962 2341 ep.
982 2296 1126 2331 CCLII.
1147 2295 1413 2331 DCCXXVIII.
1444 2293 1691 2328 DCCXXXII.

317 2347 349 2381 2,
393 2346 510 2388 filins,
540 2347 617 2378 und
637 2345 822 2392 zugleich
841 2345 1026 2392 iiingerer
1047 2345 1198 2377 Bruder
1218 2355 1305 2377 vom
1329 2341 1611 2375 Ariobarzanes
1629 2341 1693 2379 IL,

223 2393 309 2426 dem
330 2394 479 2440 Kb'nigc
501 2395 538 2425 in
560 2393 848 2437 Kappadocien‚
866 2392 1046 2427 welchen
1070 2392 1196 2434 Casar,
1219 2392 1264 2425 da
1291 2403 1333 2425 er
1354 2389 1454 2422 nach
1473 2389 1561 2422 dem
1586 2388 1691 2422 Tode

223 2441 285 2474 des
313 2441 518 2485 Pompeius
546 2453 610 2473 um
642 2441 773 2474 Gnade
801 2441 880 2482 bat,
909 2441 1071 2481 wieder,
1100 2441 1172 2472 mit
1198 2438 1421 2472 Ausschluss
1451 2437 1578 2470 seines
1605 2436 1691 2469 itin-

221 2500 344 2535 geren
360 2488 541 2529 Bruders,
559 2488 601 2520 in
620 2490 700 2522 sein
712 2489 859 2522 kleines
880 2488 1194 2522 sklavenreiches
1214 2488 1293 2520 und
1315 2485 1532 2534 geldarmes
1545 2484 1690 2531 K’onig-

221 2536 333 2569 reich
349 2538 560 2583 eingesetzt
578 2537 694 2570 hatte.
712 2556 750 2562 -—
775 2540 812 2570 in
829 2549 892 2570 suo
915 2536 946 2570 d.
966 2537 989 2571 i.
1015 2537 1145 2569 dessen
1167 2531 1513 2570 muthmasslicher
1524 2532 1626 2564 Erbe
1648 2542 1690 2564 er

221 2595 314 2625 war,
341 2585 436 2618 weil
464 2584 544 2618 sein
570 2584 721 2617 Bruder
746 2585 862 2618 keine
890 2585 1039 2617 Kinder
1064 2584 1181 2618 hatte.
1201 2602 1244 2608 —
1271 2583 1313 2616 L.
1335 2583 1484 2620 Sestius,
1515 2585 1690 2622 quaestor

221 2635 304 2673 709,
331 2632 382 2664 M.
410 2632 521 2665 Bruti
549 2637 632 2676 post
660 2639 913 2676 proquaestor
941 2634 980 2664 in
1008 2632 1233 2665 Macedonia
1262 2639 1299 2664 et
1326 2638 1427 2663 anno
1452 2630 1522 2662 731
1545 2627 1690 2660 Consul

221 2680 411 2713 suffectus.
467 2681 640 2713 Fortasse
668 2681 745 2713 fuit
772 2682 804 2714 P.
833 2680 943 2713 Sostii
973 2679 1091 2717 filius,
1121 2680 1164 2712 ad
1191 2691 1305 2722 quem
1337 2690 1392 2721 ep.
1421 2675 1503 2707 XV·
1533 2675 1687 2717 scripta-

219 2746 265 2752 --
291 2727 460 2772 parochis
483 2729 662 2773 publicis,
702 2739 816 2760 unser
845 2729 1003 2760 Freund
1029 2727 1171 2761 Sestius
1206 2728 1272 2761 hat
1312 2726 1394 2759 sich
1432 2723 1560 2756 semer
1588 2722 1687 2754 ohne
