1795 3081
208 107 304 151 424
469 104 535 151 Μ.
572 104 623 151 Τ.
663 104 1003 154 CICERONIS
1038 107 1414 157 EPISTOLAE.

209 224 378 264 amissis
415 225 614 263 omnibus
650 225 853 275 fortunis,
897 224 1066 265 reditus
1102 232 1247 267 tamen
1284 229 1330 266 in
1360 230 1548 281 patriam
1582 241 1660 267 vo-

210 280 377 319 luntate
407 280 603 318 omnium
633 279 814 320 concedi
841 280 1085 332 videretur,
1125 282 1303 321 adiutor
1341 284 1662 323 incolumitatis

210 336 287 374 fui.
344 334 383 373 Is
414 334 545 375 habet
574 336 620 373 in
638 334 938 375 Volaterrano
968 339 1297 389 possessionem,
1327 352 1460 391 quum
1489 340 1534 377 in
1565 351 1660 378 eam

208 397 430 442 tamquam
469 403 492 429 e
534 392 766 445 naufragio
806 392 1014 444 reliquias
1053 394 1319 433 contulisset.
1384 394 1485 432 Hoc
1514 400 1661 433 autem

207 452 406 498 tempore
449 458 547 485 eum
585 422 746 485 Caesar
787 446 833 484 in
883 453 1080 487 senatum
1115 448 1245 503 legit:
1293 461 1422 500 quem
1460 448 1660 488 ordinem

208 502 299 551 ille,
329 502 414 540 ista
432 502 700 553 possessione
718 502 887 552 amissa,
918 503 1035 541 tueri
1056 504 1131 542 vix
1152 509 1307 556 potest.
1341 503 1660 543 Gravissimum

207 562 352 595 autem
382 562 461 605 est,
502 569 633 620 quum
668 558 873 609 superior
912 559 1053 596 factus
1092 559 1149 597 sit
1186 557 1356 608 ordine,
1400 560 1660 598 inferiorem

209 624 297 650 esse
326 612 530 650 fortuna:
560 612 824 664 minimeque
855 614 1061 651 convenit
1103 626 1156 652 ex
1196 626 1246 652 eo
1285 626 1408 678 agro,
1446 615 1522 666 qui
1551 612 1659 653 Cae—

207 667 318 705 saris
348 667 468 705 iussu
497 665 737 717 dividatur,
769 680 865 706 eum
895 668 1080 717 moveri,
1112 669 1185 720 qui
1218 646 1392 708 Caesa1
1380 683 1416 707 is
1446 669 1658 708 beneficio

165 720 384 760 3senator
422 723 490 761 sit.
556 720 644 761 Sed
682 722 791 760 mihi
832 723 973 761 minus
1016 723 1126 761 libet
1165 725 1301 762 multa
1349 723 1401 763 de
1440 725 1659 776 aequitate

206 777 273 815 rei
312 777 530 828 scribere,
572 790 626 817 ne
669 790 796 816 causa
839 779 984 830 potius
1027 777 1142 830 apud
1188 784 1231 817 te
1277 780 1468 818 valuisse
1504 778 1660 818 videar

205 845 334 884 quam
366 833 521 886 gratia.
579 831 875 873 Quamobrem
910 839 953 872 te
990 833 1035 871 in
1074 834 1285 873 maioiem
1323 833 1501 873 modum
1531 847 1657 889 rogo,

204 894 255 926 ut
285 887 330 927 C.
363 888 506 926 Curtii
536 901 628 928 rem
657 901 796 927 meam
836 894 960 941 putes
992 900 1105 926 esse:
1151 888 1363 941 quidquid
1404 902 1500 928 mea
1530 902 1659 927 causa

205 944 387 991 faceres,
430 948 494 993 ut,
532 942 579 982 id
609 944 654 984 C.
686 942 831 983 Curtii
862 956 990 981 causa
1030 956 1164 995 quum
1201 945 1374 995 feceris,
1422 945 1657 993 existimes,

205 996 322 1050 quod
351 998 429 1037 ille
458 1011 537 1050 per
565 1011 634 1037 me
663 998 883 1047 habuerit,
912 997 959 1037 id
987 1011 1054 1037 me
1084 998 1246 1041 habere
1276 1000 1351 1039 abs
1382 1006 1438 1039 te.
1484 999 1584 1038 Hoc
1615 1005 1656 1038 te

203 1054 487 1093 vehementer
515 1055 647 1094 etiam
675 1059 805 1108 atque
833 1055 965 1094 etiam
996 1066 1118 1109 rogO.

347 1240 659 1291 EPISTOLA
694 1237 967 1290 DCXLIV.
1024 1241 1105 1300 (ad
1141 1242 1253 1290 Div.
1288 1242 1414 1289 XIII.
1450 1241 1515 1299 8.)

361 1327 442 1363 scr.
471 1328 610 1363 Romae
635 1341 764 1363 mense
792 1330 942 1364 Octobri
967 1329 1007 1366 A.
1035 1331 1080 1365 U.
1108 1331 1147 1364 c.
1174 1333 1252 1366 709.
1279 1331 1326 1371 (a.
1356 1330 1396 1364 c.
1423 1331 1500 1371 45.)

202 1400 389 1435 Rutilium
415 1400 547 1448 Rogat,
581 1406 623 1435 ut
658 1401 698 1434 in
734 1412 911 1449 agrorum
947 1401 1134 1436 divisione
1160 1401 1292 1436 Albini
1327 1401 1481 1447 praedia
1513 1411 1558 1433 ne
1598 1404 1651 1432 at—

786 1449 919 1497 tingat.
955 1451 1073 1485 1—3.

644 1520 818 1555 CICERO
856 1521 906 1555 Μ.
941 1521 1142 1555 RUTILIO
1180 1521 1216 1555 S.

310 1592 452 1633 Ouum
484 1599 527 1632 et
555 1593 665 1631 mihi
696 1595 894 1633 conscius
925 1607 1074 1643 essem,
1106 1594 1257 1646 quanti
1286 1599 1329 1632 te
1360 1595 1564 1641 facerem,
1613 1599 1656 1632 et

201 1655 320 1687 tuam
351 1662 455 1705 erga
474 1662 542 1688 me
561 1649 699 1688 benex
704 1649 839 1688 olenti
844 1663 911 1687 zm
934 1656 1136 1702 expertus
1160 1662 1307 1698 essem,
1338 1662 1425 1687 non
1455 1648 1655 1687 dubitavi

201 1718 225 1743 a
256 1711 297 1744 te
326 1711 450 1758 petel
454 1718 491 1755 e,
521 1703 638 1756 quod
666 1704 775 1742 mihi
804 1704 1037 1756 petendum
1067 1711 1189 1744 esset.
1230 1704 1273 1742 P.
1295 1703 1485 1743 Sestium
1504 1704 1656 1756 quanti

202 1819 273 1852 che
299 1817 646 1866 Ungerechtigkeit
671 1818 858 1852 betroffen
884 1819 998 1853 hatte.
1024 1837 1071 1843 ·—
1096 1821 1164 1852 vol.
1193 1830 1299 1859 omn„
1327 1816 1577 1865 einstimmig.
1605 1835 1652 1842 --

201 1869 350 1900 adiutor
376 1869 481 1900 incol.
509 1867 534 1899 i.
563 1878 592 1900 e.
621 1866 750 1900 salutis
769 1866 850 1910 fui,
899 1866 963 1899 ich
989 1871 1081 1914 trug
1106 1879 1153 1899 zu
1179 1867 1303 1900 seiner
1328 1864 1653 1899 Wiedelheistel-

201 1915 297 1962 lung
322 1916 425 1948 mein
451 1914 696 1961 Miiglichstes
722 1914 792 1948 bei.
814 1934 860 1939 —
890 1915 1127 1949 Volaterrano
1152 1925 1254 1960 ωηο.
1281 1931 1326 1939 --
1353 1925 1498 1959 quum..
1511 1919 1654 1946 xantu-

202 1966 312 2005 lisset,
340 1963 382 1996 in
407 1962 572 1996 welches
601 1962 678 1995 Gut
711 1974 754 1996 er
785 1963 860 1996 alle
893 1974 957 1995 aus
991 1963 1076 1996 dem
1110 1962 1379 1996 Sullanisehen
1404 1960 1652 1994 Schiffbxuch

202 2016 388 2058 gerettete
414 2010 617 2044 Triimmer
642 2011 764 2044 seines
790 2011 1024 2057 Vermiigens
1057 2010 1227 2058 gesteckt
1260 2010 1373 2044 hatte.
1408 2027 1456 2033 --
1491 2010 1653 2042 ordinem

201 2059 445 2098 senatorium,
471 2058 739 2105 Senatorrang.
766 2078 813 2083 —
841 2061 1016 2093 Graviss..
1028 2039 1228 2113 ..f-ortana,
1255 2061 1416 2090 'ausserst
1449 2056 1538 2089 hart
1563 2057 1652 2090 aber

202 2107 250 2139 ist
277 2119 314 2140 es
339 2108 402 2140 fiir
428 2106 495 2138 ihn
520 2106 624 2148 ietzt,
653 2089 725 2139 da‘³
725 2118 766 2140 er
792 2119 840 2140 an
865 2107 972 2154 Rang
998 2106 1207 2160 gestiegen,
1243 2118 1290 2138 an
1316 2106 1535 2150 Verm'ogen
1561 2104 1651 2137 her-

200 2154 556 2189 unterzukommen.
581 2173 628 2178 --
653 2157 740 2188 min.
769 2135 968 2195 convenit?
980 2154 1057 2187 und
1085 2167 1121 2188 es
1147 2154 1274 2194 ieimt,
1317 2165 1353 2187 es
1380 2151 1544 2200 gebiihrt
1569 2152 1650 2185 sich

201 2202 319 2238 nicht,
346 2220 392 2226 -
424 2206 573 2243 moveri,
601 2202 864 2250 ausgetiieben
890 2201 1030 2236 werde.

293 2254 327 2286 3.
379 2262 507 2284 causa.
538 2253 722 2291 maluisse,
757 2251 868 2284 mehr
894 2250 1016 2283 durch
1042 2249 1103 2283 die
1130 2249 1227 2283 Giite
1254 2249 1322 2282 der
1347 2247 1467 2281 Sache
1493 2246 1554 2280 bei
1579 2247 1650 2280 Dir

200 2297 402 2332 verlnocht
429 2310 475 2330 zu
501 2297 632 2333 haben.
669 2311 778 2333 causa
801 2309 850 2330 =
874 2298 932 2332 rei
958 2298 1146 2341 aequitate
1183 2302 1218 2331 et
1244 2296 1395 2330 iustitia.
1422 2313 1469 2321 -—-
1489 2307 1556 2339 per·
1580 2309 1647 2338 me,

200 2345 224 2380 i.
252 2357 281 2380 e.
308 2357 379 2391 per
403 2357 527 2380 meam
554 2347 934 2380 commendationem.
961 2344 1049 2379 Sch.
1076 2345 1173 2378 coni.
1198 2358 1263 2390 per
1288 2351 1332 2379 te.

295 2429 340 2463 M.
367 2429 575 2463 RUTILIO.
624 2429 757 2464 Dieser
781 2442 864 2464 war
888 2429 985 2463 auch
1002 2429 1124 2463 Einer
1149 2439 1224 2462 von
1251 2428 1323 2462 ‹len
1342 2427 1645 2469 Commissarien,

201 2476 377 2511 walchen
404 2477 516 2511 C'cisar
538 2477 637 2510 nach
665 2477 748 2511 dem
775 2477 1009 2522 Spanischen
1036 2477 1177 2522 Kriege
1211 2475 1270 2509 die
1297 2476 1553 2522 Vertheilung
1579 2475 1648 2509 der

198 2523 507 2570 versprochenen
532 2525 682 2559 Aecker
715 2531 830 2559 unter
862 2525 966 2559 seine
991 2526 1205 2559 Veteranen
1230 2525 1477 2573 ausgetragen
1503 2523 1620 2556 hatte.

297 2599 328 2631 1.
379 2609 450 2630 non
482 2597 718 2630 dubitavi:
743 2598 867 2631 dubito
904 2597 955 2629 im
990 2594 1178 2629 Briefstil.
1210 2613 1257 2619 -—
1289 2608 1312 2628 a
1337 2599 1371 2628 te
1393 2601 1525 2639 petere,
1553 2595 1649 2640 quod

201 2649 286 2684 cet„
325 2644 429 2677 mich
465 2643 535 2676 mit
574 2643 685 2677 eIner
708 2645 806 2679 Bitte
844 2657 892 2678 an
919 2643 1020 2678 Dich
1056 2655 1105 2676 zu
1137 2643 1313 2682 wenden,
1353 2642 1414 2676 die
1447 2641 1510 2676 ich
1534 2643 1645 2675 nicht

200 2691 305 2725 wohl
330 2703 405 2725 von
432 2691 509 2724 mir
533 2692 678 2725 weisen
704 2692 820 2729 kann.
847 2711 894 2717 —
920 2693 955 2725 P.
984 2693 1148 2728 Sestium,
1175 2691 1242 2734 qui
1267 2690 1439 2723 tribunus
1464 2691 1516 2735 pl.
1537 2689 1644 2724 Cice-

202 2751 335 2773 ronem
363 2739 406 2773 ab
435 2739 568 2774 exsilio
596 2740 802 2775 revocavit.
841 2739 1021 2776 MANUT.
1059 2741 1094 2774 S.
1122 2739 1214 2773 iiber
1249 2738 1320 2772 ihn
1345 2751 1392 2772 zu
1419 2750 1476 2784 ep.
1502 2738 1566 2770 XV
1589 2737 1643 2771 im
