1795 3081
231 73 294 116 80
497 66 561 113 M.
599 63 650 110 T.
692 61 1039 114 CICERONIS
1078 66 1456 117 EPISTOLAE.

231 189 479 244 quaerenti,
523 198 671 225 nonne
719 181 958 237 flammat,
1033 186 1104 225 Tu
1148 189 1321 228 interea
1361 187 1543 228 dormis.
1612 188 1705 228 Iam

231 243 542 300 explicandum
572 247 638 280 est
666 236 919 297 πρόβλημα,
948 243 986 281 si
1016 241 1124 295 quid
1151 250 1334 283 acturus
1365 257 1422 283 eS.
1493 242 1543 283 Si
1572 257 1705 297 quae-

231 303 294 341 ris
326 299 432 354 quid
461 304 626 351 putem,
675 309 757 352 ego
785 295 815 347 †
846 300 1042 338 fructum
1079 304 1200 351 puto.
1261 298 1349 338 Sed
1389 298 1496 352 quid
1532 300 1705 339 multa?

230 358 324 396 Iam
353 363 397 395 te
425 353 616 400 videb03
648 358 691 391 et
721 351 914 405 quidem,
942 361 993 393 ut
1021 366 1167 407 sperO,
1199 354 1252 394 de
1280 356 1355 394 via
1385 361 1508 394 recta
1536 354 1593 394 ad
1621 368 1704 393 me.

229 412 375 507 Sinngl
405 412 522 450 enim
553 414 597 449 et
626 406 743 447 diem
773 407 1055 462 Tyrannioni
1084 412 1403 450 constituemus
1443 416 1486 451 et
1522 411 1561 450 si
1599 409 1706 464 quid

231 469 324 508 aliu
359 498 367 506 .

339 611 665 662 EPISTOLA
701 609 1055 659 CCCCXLIII.
1126 611 1210 670 (ad
1244 611 1360 661 Div.
1398 611 1481 660 IX.
1515 612 1591 673 ll.)

318 703 397 738 Sor.
428 703 472 736 in
497 700 716 736 Tusculano
742 710 874 734 mense
901 698 1016 733 Iunio
1042 697 1084 734 A.
1113 701 1161 736 U.
1191 700 1230 735 e.
1258 703 1341 738 708.
1387 702 1434 745 (a.
1463 702 1506 741 c,
1533 702 1613 743 46.)

232 776 288 810 De
314 774 504 809 Varronis
530 773 696 808 adventu
723 772 774 806 ita
801 772 964 814 iocatur,
991 777 1035 805 ut
1061 772 1097 806 ei
1121 773 1338 818 permittat,
1382 780 1516 808 utrum
1541 773 1706 810 Diodori

303 835 351 859 an
378 822 589 868 Chrysippi
614 821 843 857 sententiam
870 819 916 853 de
941 819 1055 900 rehu?
1080 821 1321 865 possibilibus
1349 828 1386 858 et
1412 823 1636 859 necessariis

843 879 952 912 sequi
978 880 1038 901 ma
1059 869 1099 901 it.

744 939 922 975 CICERO
959 939 1193 976 VARRONI.

342 1014 459 1073 Περὶ
487 1013 683 1056 δυνατῶν
710 1027 779 1054 me
808 1015 920 1053 scito
952 1011 1066 1054 κατὰ
1096 1009 1333 1071 Διόδωρον
1362 1011 1539 1073 κρίνειν.
1588 1015 1705 1068 Qua-

233 1080 434 1129 propter,
465 1073 502 1112 si
530 1077 748 1111 venturus
780 1083 839 1121 eS,
871 1070 984 1110 scito
1015 1082 1192 1111 necesse
1223 1085 1315 1111 esse
1345 1078 1389 1112 te
1417 1073 1595 1111 venire:
1638 1073 1706 1110 sin

231 1188 458 1225 Anakreons
483 1190 516 1221 τί
540 1199 601 1233 μοι
625 1187 721 1232 μέλει
747 1185 790 1220 τά
820 1186 956 1231 Γυγέως
983 1204 1030 1210 --
1055 1198 1171 1219 nonne
1197 1187 1388 1233 βεβίωταις
1417 1198 1546 1221 nonne
1572 1185 1705 1227 homo,

234 1238 316 1282 qui,
344 1242 387 1270 ut
412 1235 561 1276 Balbus,
588 1235 827 1278 voluptatem
854 1234 981 1278 potius
1017 1244 1131 1277 quam
1158 1235 1345 1269 virtutem
1373 1236 1563 1279 sequitur,
1598 1234 1705 1267 beate

233 1287 288 1320 sic
315 1285 456 1318 vixisse
483 1283 556 1317 sibi
581 1283 786 1316 videatur?
815 1283 914 1317 SCH.
938 1302 979 1308 —
1008 1283 1171 1324 dormis,-
1196 1288 1238 1316 ut
1266 1283 1331 1316 illi
1357 1283 1519 1325 interea,
1546 1281 1639 1326 quid
1665 1281 1706 1315 in

234 1333 366 1367 Africa
391 1337 550 1380 geratur
574 1331 690 1363 unice
715 1331 856 1371 securi,
883 1332 1084 1365 Praeneste
1103 1330 1206 1364 laute
1228 1331 1379 1372 vivunt,
1407 1331 1461 1364 sic
1478 1336 1520 1364 tu
1539 1329 1706 1374 quiescis

234 1376 308 1416 nec
336 1381 467 1428 magis,
496 1379 591 1424 quid
616 1378 701 1410 illic
732 1389 864 1412 rerum
903 1384 1050 1426 agatur,
1085 1377 1132 1411 ad
1164 1383 1201 1412 te
1239 1379 1403 1413 attinere
1438 1384 1560 1424 putas.
1605 1378 1706 1411 SCH.

234 1430 371 1464 Cicero
398 1428 514 1462 neckt
540 1427 672 1461 seinen
689 1426 845 1459 Freund
870 1438 967 1475 gern
992 1426 1066 1458 mit
1091 1426 1176 1459 dem
1194 1426 1478 1471 Epikurismus.
1516 1445 1564 1452 —-
1601 1431 1706 1459 actu·-

231 1491 298 1516 rus
325 1490 369 1519 es,
397 1476 480 1509 Asc.
508 1481 670 1519 utraque
697 1479 770 1507 act.
797 1477 858 1509 sis.
910 1474 1049 1508 Cicero
1076 1474 1150 1507 ait:
1177 1474 1305 1508 Attico
1333 1475 1599 1520 explicandam
1626 1485 1706 1508 esse

221 1525 516 1572 quaestionem,
549 1528 681 1557 utrum
710 1522 846 1557 Caesar
879 1522 920 1555 in
953 1521 1084 1558 Africa
1116 1534 1164 1555 an
1197 1524 1418 1568 Pompeiani
1449 1523 1630 1565 vicerint,
1671 1524 1708 1556 si

235 1576 326 1622 quid
349 1578 497 1608 acturus
521 1574 570 1606 sit
594 1571 634 1605 h.
664 1581 693 1604 e.
723 1571 754 1604 si
780 1570 930 1614 aliquid
954 1572 1080 1604 facere
1106 1570 1214 1612 velit,
1251 1582 1270 1604 e
1306 1582 1380 1615 quo
1416 1572 1607 1619 colligere
1633 1570 1705 1604 ho-

235 1623 359 1656 mines
404 1620 578 1666 possint,
621 1618 700 1651 utri
743 1619 848 1663 parti
888 1618 1013 1666 magis
1056 1619 1191 1652 faveat.
1267 1619 1361 1652 Erat
1399 1619 1502 1653 enim
1535 1618 1706 1664 pruden-

232 1672 311 1705 tiae
337 1668 495 1703 victrici
520 1666 761 1713 potissimum
787 1678 920 1701 causae
945 1668 1088 1700 favere.
1117 1667 1217 1701 SCH.
1245 1666 1347 1700 Alibi
1368 1667 1484 1701 etiam
1509 1664 1705 1713 πρόβλημα

235 1720 283 1753 de
316 1730 358 1753 re
395 1717 570 1763 politica,
613 1719 656 1748 ut
692 1726 750 1759 ep.
777 1717 860 1750 284.
895 1734 943 1741 —
974 1727 1039 1760 ego
1065 1714 1275 1759 †frccctum
1313 1720 1416 1760 puto.
1468 1715 1704 1760 Corruptum

233 1767 311 1802 hoc
336 1772 429 1811 puto
456 1777 544 1798 cum
570 1763 742 1804 Corrad.,
768 1764 837 1807 qui
855 1763 1039 1809 fractum,
1073 1763 1209 1797 Amico
1236 1763 1367 1797 Ursin.
1396 1768 1434 1797 et
1471 1763 1572 1797 libro
1599 1765 1704 1810 Mag-

233 1815 331 1856 nuli,
362 1813 429 1859 qui
444 1812 634 1857 futuram,
676 1816 713 1845 et
739 1811 843 1852 Sch.,
889 1811 956 1856 qui
982 1809 1184 1855 consectum
1218 1811 1380 1846 volebat.
1443 1811 1518 1847 Sed
1550 1812 1703 1845 nullum

232 1864 377 1898 horum
402 1861 612 1908 probabile.
664 1861 746 1893 Nec
772 1860 858 1893 satis
883 1861 1022 1906 placet,
1049 1860 1153 1903 quod
1179 1860 1298 1893 amico
1322 1860 1363 1892 in
1382 1865 1553 1894 mentem
1576 1860 1702 1894 venit:

227 1913 472 1958 frustratum.
524 1909 622 1944 Sane
647 1908 865 1952 requiritur
890 1921 939 1950 v.,
966 1907 1067 1951 quod
1092 1908 1229 1942 habeat
1255 1908 1514 1956 significatum
1540 1920 1603 1941 vv.
1622 1921 1705 1942 con-

227 1962 373 2008 fectum
397 1959 463 1993 vel
488 1963 727 1992 transactum.
757 1959 830 1991 ΟΒ.
881 1957 1034 1991 Tullius
1067 1968 1180 2001 supra
1214 1956 1256 1989 in
1296 1957 1428 1990 eadem
1462 1968 1506 1991 re
1541 1956 1588 1990 ad
1613 1958 1705 1990 Var-

234 2020 372 2044 ronem
400 2018 458 2052 ep.
485 2009 556 2042 4⁷40
581 2006 786 2051 confectum
812 2009 906 2040 enim
931 2008 1096 2039 existimo
1124 2004 1161 2038 et
1184 2004 1300 2049 paulo
1328 2009 1415 2038 ante
1449 2004 1489 2037 in
1523 2004 1597 2038 hac
1623 2005 1705 2049 ipsa

236 2057 396 2103 epistola
423 2068 479 2090 res
504 2059 643 2089 interea
661 2054 827 2098 fortasse
854 2058 1045 2088 transacta
1072 2058 1123 2087 est
1157 2052 1321 2097 scripsit.
1362 2071 1407 2077 ——
1438 2054 1587 2095 videbo5
1624 2053 1703 2086 cito

235 2106 342 2140 enim
370 2105 510 2138 Romae
537 2103 622 2137 eris.
658 2103 838 2137 MANUT.
866 2122 912 2127 —
946 2107 1044 2136 recta
1069 2103 1120 2135 ad
1143 2113 1198 2135 me
1232 2101 1254 2134 i.
1285 2113 1315 2134 e.
1343 2101 1461 2134 simul
1488 2101 1702 2141 adveneris,

234 2154 365 2188 statim
391 2158 430 2186 te
456 2162 568 2196 spero
595 2151 641 2185 ad
667 2163 728 2185 me
753 2156 972 2186 venturum.
1002 2151 1102 2184 SCH.
1126 2168 1173 2174 —
1198 2150 1426 2195 Tyrannioni
1450 2149 1703 2197 grammatico

235 2202 340 2236 diem
367 2200 654 2239 constituemus,
690 2211 764 2243 quo
805 2199 913 2233 nobis
951 2198 1097 2232 librum
1135 2210 1155 2231 a
1194 2210 1232 2231 se
1266 2197 1456 2242 scriptum
1491 2197 1616 2246 legat3
1657 2196 1702 2230 de

235 2261 312 2294 quo
340 2249 439 2283 infra
465 2259 524 2292 ep.
552 2248 599 2281 ad
624 2248 794 2281 Atticum
820 2248 907 2289 XII,
933 2250 955 2283 6
981 2247 1038 2290 (h.
1067 2246 1123 2281 ed,
1151 2246 1263 2289 453).
1293 2247 1394 2280 SCH.
1436 2245 1528 2294 Vgl.
1559 2257 1618 2290 ep.
1646 2246 1702 2281 32.

235 2301 317 2334 102.
347 2300 427 2333 117.
457 2299 535 2332 wli.
564 2298 644 2331 205.

336 2379 565 2416 VARRONI.
618 2379 655 2413 s.
684 2391 732 2412 zu
758 2379 879 2424 Epist.
908 2380 1149 2414 ccccxxxi
1177 2380 1231 2413 im
1260 2353 1346 2411 Anf.

334 2447 365 2477 1.
417 2440 507 2477 κατά
539 2438 724 2488 Διόδωρον
750 2443 891 2487 κρίνειν,
932 2441 1143 2474 secundum
1170 2439 1385 2474 Diodorum
1411 2451 1438 2472 s.
1469 2449 1515 2471 ex
1541 2435 1704 2471 Diodori

237 2491 431 2526 sententia
456 2489 640 2523 iudicare.
696 2489 821 2523 Varro
849 2490 954 2523 hatte
981 2489 1062 2522 ihm
1089 2487 1357 2536 geschrieben,
1386 2498 1429 2520 er
1454 2486 1600 2527 werde,
1633 2494 1701 2518 wo

237 2539 492 2586 nioglich,
520 2537 722 2570 nachstens
757 2549 804 2569 zu
839 2538 921 2570 ihm
956 2538 1154 2571 kommen.
1206 2537 1338 2569 Davon
1371 2534 1512 2566 nimmt
1546 2545 1589 2568 er
1623 2543 1704 2564 nun
1741 2558 1764 2571 ,Ἰ

238 2589 313 2622 den
339 2587 471 2620 Anlass
507 2585 650 2628 (damit
684 2585 782 2619 diess
810 2586 928 2620 Billet
963 2585 1063 2619 doch
1099 2584 1256 2631 einigen
1283 2582 1419 2616 Inhalt
1442 2581 1571 2623 habe),
1609 2580 1705 2613 iiber

238 2637 313 2670 den
339 2634 632 2681 spitzfiindigen
658 2632 778 2667 Streit
811 2634 881 2667 der
906 2634 1042 2668 beiden
1068 2633 1300 2667 beriihmten
1325 2629 1587 2674 Philosophen
1613 2628 1706 2661 Dio-
1762 2662 1765 2667 ,

239 2682 355 2718 dorus
389 2683 467 2717 und
502 2681 744 2727 Chrysippus
779 2682 850 2715 mit
883 2693 1227 2729 angenommenem
1254 2680 1394 2712 Ernste
1430 2690 1477 2710 zu
1503 2676 1703 2711 scherzen.

238 2732 478 2779 Chrysippus
523 2729 753 2774 behauptete
799 2730 988 2763 niimlich:
1036 2729 1145 2764 nicht
1183 2728 1307 2763 alles
1340 2725 1532 2775 sslogliche
1577 2723 1705 2759 werde
1759 2742 1760 2751 κ
