1795 3081
239 101 337 151 288
489 99 555 146 M.
591 98 646 146 T.
683 94 1025 146 CICERONIS
1063 95 1444 149 EPISTOLAE.

239 234 331 261 esse
361 226 405 259 et
433 232 547 269 eum,
578 219 654 271 qui
683 218 783 257 aliis
814 219 1040 257 consueris
1078 219 1339 271 praecipere
1383 224 1426 258 et
1462 216 1569 259 dare
1598 232 1701 260 con-

238 278 409 316 silium:
439 287 580 328 neque
609 275 787 313 imitare
815 275 954 312 malos
979 272 1187 324 medicos,
1219 275 1294 326 qui
1324 274 1370 311 in
1399 274 1554 313 alienis
1585 288 1705 314 mor-

238 332 306 371 bis
335 331 604 384 profitentur
632 335 783 368 tenere
812 342 857 368 se
886 327 1131 368 medicinae
1160 330 1406 380 scientiam,
1436 330 1521 382 ipsi
1552 343 1596 369 se
1627 343 1703 368 cu-

240 399 343 426 rare
373 399 461 424 11011
494 390 696 438 possunt:
727 382 802 423 sed
831 385 993 437 potius,
1033 397 1142 436 quae
1180 384 1281 422 aliis
1321 390 1415 423 tute
1444 386 1704 438 praecipere

240 443 369 491 soles,
413 454 463 479 ea
493 446 586 479 tute
616 440 700 478 tibi
730 439 896 479 subiice
934 444 1064 491 atque
1105 438 1221 491 apud
1259 438 1452 478 animum
1490 453 1702 493 propone.

199 490 404 537 6Nullus
443 495 574 534 dolor
616 501 696 544 est,
740 508 868 546 quem
910 507 998 533 non
1035 495 1334 549 longinquitas
1373 497 1586 547 temporis
1622 497 1706 534 mi·

238 558 346 591 nuat
382 564 432 590 ac
470 551 657 590 molliat.
728 549 828 590 Hoc
864 555 908 588 te
948 556 1200 602 exspectare
1238 555 1409 602 tempus
1452 551 1535 589 tibi
1574 557 1706 603 turpe

240 613 321 657 est,
351 620 402 645 ac
431 618 520 644 non
560 606 601 644 ei
640 605 708 643 rei
747 606 963 658 sapientia
998 611 1074 643 tua
1111 611 1155 643 te
1194 617 1446 645 occurrere.
1507 605 1635 657 Quod
1664 607 1703 645 si

239 663 315 715 qui
347 663 479 701 etiam
508 661 664 699 inferis
694 673 843 699 sensus
873 666 965 699 est:
1013 661 1086 712 qui
1126 659 1248 698 illius
1286 661 1332 697 in
1370 666 1414 700 te
1453 673 1579 699 amor
1618 662 1706 701 fuit
1765 708 1768 709 ⁷

238 719 466 771 pietasque
506 717 551 754 in
597 728 745 755 omnes
788 728 904 766 51105,
952 715 1036 754 1100
1077 721 1196 754 certe
1236 715 1317 753 illa
1354 721 1397 754 te
1439 718 1586 755 facere
1615 729 1705 756 non

238 773 350 812 vult.
410 772 477 810 Da
507 772 592 809 hoc
621 771 692 809 illi
721 779 946 809 mortuae:
979 770 1033 808 da
1063 771 1221 809 ceteris
1252 771 1404 809 amicis
1434 784 1483 809 ac
1514 772 1704 810 familia-

242 828 385 877 ribus,
417 828 492 879 qui
523 833 599 866 tuo
631 825 786 865 dolore
816 832 1031 864 maerent:
1065 825 1119 863 da
1149 827 1348 877 patriae,
1378 832 1441 877 ut,
1471 828 1509 864 si
1539 840 1623 879 qua
1657 828 1705 865 in

240 896 289 923 re
320 896 429 935 opus
458 884 530 932 sit,
577 894 712 934 opera
742 887 785 920 et
824 881 1009 919 consilio
1050 887 1126 918 tuo
1165 881 1231 918 uti
1268 881 1417 933 possit.
1485 881 1705 935 Denique,

240 940 449 991 quoniam
478 939 524 975 in
554 950 650 976 eam
679 938 902 975 fortunam
933 935 1201 984 devenimus,
1248 942 1298 975 ut
1332 937 1465 975 etiam
1503 937 1606 976 111110
1637 939 1705 977 rei

239 994 368 1032 nobis
403 991 684 1032 serviendum
722 992 804 1030 sit:
844 991 937 1029 noli
973 992 1264 1040 committere,
1304 997 1354 1030 ut
1390 993 1618 1044 quisquam
1660 998 1705 1032 te

238 1055 366 1103 putet
394 1061 483 1086 non
513 1054 603 1086 tam
632 1048 784 1095 filiam,
816 1060 945 1099 quam
976 1047 1042 1085 rei
1072 1046 1276 1098 publicae
1294 1053 1494 1099 tempora
1526 1054 1568 1086 et
1592 1048 1703 1086 alio—

239 1118 338 1143 rum
370 1104 608 1143 victoriam
639 1103 805 1157 lugere.
866 1102 999 1140 Plura
1040 1114 1117 1143 1110
1149 1100 1204 1139 ad
1243 1108 1285 1140 te
1316 1101 1368 1141 de
1400 1103 1481 1140 hac
1511 1116 1560 1141 re
1590 1104 1701 1142 scri-

237 1161 344 1199 bere
374 1158 519 1212 pudet,
567 1172 621 1196 110
650 1157 805 1196 videar
835 1156 1096 1210 prudentiae
1137 1162 1238 1195 tuae
1279 1156 1503 1196 diffidere:
1549 1171 1701 1210 quare,

240 1217 278 1254 si
308 1215 392 1253 1100
422 1227 555 1252 unum
585 1225 874 1266 proposuero,
912 1213 1042 1250 finem
1080 1213 1239 1250 faciam
1278 1212 1512 1252 scribendi.
1573 1212 1703 1251 Vidi-

239 1284 335 1309 mus
366 1270 600 1322 aliquoties
631 1267 864 1307 secundam
901 1267 1201 1320 pulcherrime
1239 1273 1281 1306 te
1319 1269 1438 1307 ferre
1476 1270 1703 1307 fortunam

239 1337 528 1380 magnamque
560 1337 611 1363 ex
642 1337 692 1362 ea
722 1336 771 1362 re
800 1330 843 1362 te
873 1322 1047 1361 laudem
1078 1322 1236 1374 apisci:
1268 1324 1338 1361 fac
1368 1323 1604 1376 aliquando
1634 1325 1701 1362 in-

237 1381 509 1436 telligamUS,
539 1378 770 1418 adversam
800 1391 972 1430 quoque
1010 1383 1053 1416 te
1089 1390 1224 1428 aeque
1261 1379 1380 1417 ferre
1408 1392 1533 1431 posse
1562 1393 1702 1432 neque

239 1435 287 1475 id
317 1437 472 1485 maius,
504 1447 634 1487 quam
665 1433 834 1483 debeat,
867 1435 950 1472 tibi
981 1445 1089 1471 onus
1120 1431 1288 1481 videri,
1334 1446 1388 1472 ne
1418 1447 1470 1473 ex
1500 1435 1701 1474 omnibus

238 1491 482 1531 virtutibus
512 1490 620 1529 haec
648 1502 735 1527 una
765 1489 848 1528 tibi
877 1488 1083 1528 videatur
1103 1486 1262 1529 deesse.
1297 1488 1424 1540 Quod
1454 1489 1507 1528 ad
1538 1504 1606 1529 me
1635 1496 1702 1529 at-

239 1548 368 1597 tinet,
414 1559 547 1598 quum
577 1551 621 1584 te
661 1544 1020 1597 tranquilliorem
1065 1544 1210 1581 animo
1250 1557 1341 1583 esse
1385 1557 1595 1599 cognoro,
1646 1545 1700 1585 de

239 1604 295 1641 iis
325 1602 472 1651 rebus,
514 1614 624 1653 quae
653 1600 726 1638 1110
767 1606 983 1655 geruntur
1023 1598 1473 1652 quemadmodumque
1513 1614 1558 1639 se
1595 1614 1701 1654 pro-

238 1658 389 1698 vincia
419 1656 591 1706 habeat,
623 1657 860 1694 certiorem
889 1656 1062 1693 faciam.
1120 1653 1247 1693 Vale.

239 1773 430 1807 consueris.
468 1770 504 1804 S.
532 1770 678 1803 Grotef.
706 1768 733 1810 ἕ.
761 1771 841 1804 202.
878 1770 963 1801 Ζ115.
993 1771 1025 1803 1.
1061 1785 1109 1791 ·-
1138 1771 1361 1813 praecipere,
1388 1768 1539 1803 Lehren
1565 1770 1699 1818 geben.

237 1839 284 1846 —-
310 1822 398 1854 aliis
417 1825 503 1852 tute.
531 1818 605 1851 del.
633 1823 710 1851 tute
736 1818 864 1851 hamb.
893 1816 1109 1862 Mart-Lag.
1137 1816 1223 1852 Sch.
1251 1817 1344 1850 Liin.
1364 1836 1410 1841 —
1437 1832 1478 1851 ea
1504 1823 1592 1852 tute.
1622 1818 1696 1852 del.

239 1881 282 1902 ea
307 1868 525 1913 Mart-Lag.
553 1865 641 1899 sch.
669 1870 803 1899 contra
828 1865 905 1899 Md.
933 1883 979 1888 —
1004 1865 1138 1897 subiice
1163 1875 1208 1896 =
1235 1864 1382 1908 adhibe,
1412 1866 1546 1900 mache
1573 1867 1698 1901 davon

240 1915 443 1951 Gebrauch
468 1914 528 1948 bei
553 1914 626 1947 Dir
652 1914 779 1947 selbst.

334 1977 368 2010 6.
419 1976 490 2009 tibi
514 1979 620 2019 turpe
647 1979 709 2007 est.
748 1973 820 2006 Has
847 1983 929 2006 voc.
945 1978 1030 2017 post
1048 1984 1082 2006 v,
1104 1985 1288 2008 occurrere
1307 1974 1547 2008 collocarunt
1565 1974 1697 2010 Lamb.

239 2024 349 2057 Mart.
376 2023 466 2071 Lag.
495 2022 583 2056 Sch.
611 2021 704 2055 Liin.
736 2022 871 2054 OR.—-
901 2024 934 2054 ei
959 2025 1033 2055 rei.
1051 2047 1057 2054 .
1074 2034 1269 2064 occurrere,
1296 2023 1391 2056 Dem
1417 2022 1699 2055 zuvorzukom-

238 2083 336 2106 men.
363 2090 409 2096 —
437 2073 501 2117 qui
526 2072 626 2104 illius
652 2075 722 2103 cet.
758 2070 941 2117 vermiige
967 2069 1077 2102 ihrer
1101 2080 1140 2103 so
1169 2081 1325 2114 grossen
1348 2070 1464 2104 Liebe
1491 2070 1695 2103 11111121ὲί11-

238 2119 410 2153 lichkeit
435 2130 559 2168 geg-en
585 2117 685 2151 Dich
720 2117 798 2150 und
833 2118 909 2151 alle
941 2116 1114 2164 lhrigen.
1158 2118 1282 2152 Ueber
1316 2118 1418 2151 (11050
1443 2117 1698 2162 Sprachwen-

240 2167 347 2215 dung·
372 2172 458 2200 statt
482 2180 552 2211 pro
579 2178 605 2199 5.
632 2165 782 2199 Ramsh.
810 2165 836 2207 §.
862 2168 944 2203 159,
967 2168 1001 2206 3,
1029 2177 1059 2199 e.
1086 2184 1131 2190 —-—
1169 2166 1254 2199 hoc.
1271 2171 1329 2200 ‚te
1346 2165 1473 2209 facere
1501 2166 1533 2199 d.
1563 2167 1586 2201 i.
1615 2166 1695 2199 dass

238 2215 300 2250 Du
325 2215 378 2251 sie
404 2226 443 2249 so
471 2215 572 2248 ohne
599 2215 690 2247 Mass
725 2213 947 2247 betrauerst.
980 2232 1026 2238 -—-
1058 2215 1132 2252 Da,
1170 2214 1241 2247 thu
1278 2225 1314 2247 es
1350 2226 1397 2246 zu
1433 2214 1622 2247 Gefallen.
1652 2234 1695 2239 —

240 2266 410 2310 quoniam
435 2264 659 2296 serviendum
684 2265 746 2304 sit,
787 2262 881 2295 weil
916 2273 952 2295 es
986 2260 1083 2294 doch
1119 2262 1189 2294 mit
1215 2274 1286 2294 uns
1321 2261 1435 2294 dahin
1461 2262 1696 2309 gekommen

240 2312 303 2353 ist,
331 2311 411 2344 dass
438 2311 514 2344 wir
539 2310 638 2344 auch
664 2311 730 2343 auf
761 2309 890 2343 diesen
922 2310 1041 2342 Punct·
1076 2309 1321 2344 knechtische
1356 2309 1566 2342 Riicksicht
1604 2308 1698 2342 neh-

238 2371 327 2393 men
352 2361 512 2392 miissen.
540 2377 581 2383 —-
609 2361 687 2392 noli
712 2359 949 2398 committere,
976 2357 1061 2404 gieb
1086 2356 1192 2390 nicht
1207 2358 1351 2392 Anlass.
1378 2359 1458 2391 Zur
1478 2357 1597 2391 Sache
1613 2358 1694 2404 vgl.

240 2418 297 2452 ep.
324 2407 457 2447 Dxm,
484 2410 516 2441 1.
562 2406 756 2448 DXXXVI,
787 2410 817 2439 1.
851 2425 897 2430 —
932 2407 1088 2438 aliorum
1122 2409 1325 2443 victoriam,
1365 2406 1465 2446 „den
1502 2405 1592 2453 Sieg·
1626 2406 1697 2439 der

240 2455 411 2489 anderen
438 2453 613 2494 Partei3“
649 2454 717 2487 der
749 2466 814 2487 um
850 2452 909 2487 die
936 2453 1033 2494 Zeit,
1069 2464 1130 2486 wo
1159 2453 1283 2487 dieser
1307 2454 1418 2487 Brief
1440 2453 1696 2501 geschrieben‘

241 2503 304 2544 ist,
332 2502 470 2536 bereits
497 2501 742 2536 entschieden
779 2513 870 2536 war.
906 2520 953 2526 —
986 2504 1290 2546 tranquilliorem.
1318 2502 1553 2549 Mart-Lag.
1592 2501 1691 2534 coni.

240 2550 328 2585 Sch.
356 2552 624 2596 tranquilliore.
661 2551 843 2583 Nostrum
871 2549 1012 2582 dictum
1041 2554 1107 2591 est,
1144 2554 1183 2582 ut
1216 2552 1356 2584 alacres
1389 2553 1512 2583 animo
1547 2549 1628 2582 Lib.
1657 2550 1692 2591 5,

240 2601 296 2634 12.
322 2599 349 2642 ᾗ.
376 2602 412 2635 9.
441 2601 514 2633 OR.
540 2617 587 2622 —
612 2600 652 2631 de
678 2601 737 2639 iis,
777 2598 849 2631 Md.
877 2597 974 2630 Vict.
1000 2598 1034 2632 2.
1070 2599 1110 2631 de
1135 2599 1201 2632 his.
1239 2618 1285 2623 ——-
1317 2601 1507 2642 provincia
1541 2595 1694 2637 Achaia,

240 2646 304 2680 cui
340 2649 553 2691 praefectus
587 2651 666 2679 erat
691 2657 710 2678 a
736 2646 903 2680 Caesare.
938 2665 983 2670 —-
1017 2647 1216 2680 certiorem.
1252 2648 1370 2691 Neap.
1397 2647 1481 2679 Asc.
1510 2648 1540 2679 1.
1569 2644 1636 2680 W.
1662 2649 1696 2677 te

239 2700 323 2728 cert.
352 2696 572 2742 Mart.-Lag.
600 2693 687 2729 Sch.
717 2699 800 2729 cert.
828 2699 872 2728 te.
900 2705 975 2730 om.
1002 2699 1037 2728 te
1065 2694 1163 2729 Crat.
1192 2696 1268 2731 ΟΒ.
