<?xml version="1.0" encoding="UTF-8"?>
<!DOCTYPE html PUBLIC "-//W3C//DTD XHTML 1.0 Transitional//EN"
    "http://www.w3.org/TR/xhtml1/DTD/xhtml1-transitional.dtd">
<html xmlns="http://www.w3.org/1999/xhtml" xml:lang="en" lang="en">
 <head>
  <title>
</title>
<meta http-equiv="Content-Type" content="text/html;charset=utf-8" />
  <meta name='ocr-system' content='tesseract 3.04.00' />
  <meta name='ocr-capabilities' content='ocr_page ocr_carea ocr_par ocr_line ocrx_word'/>
</head>
<body>
  <div class='ocr_page' id='page_1' title='image "./epistolaeadattic03ciceuoft_0274.png"; bbox 0 0 1795 3081; ppageno 0'>
   <div class='ocr_carea' id='block_1_1' title="bbox 214 73 1427 129">
    <p class='ocr_par' dir='ltr' id='par_1_1' title="bbox 214 73 1427 129">
     <span class='ocr_line' id='line_1_1' title="bbox 214 73 1427 129; baseline -0.001 -1"><span class='ocrx_word' id='word_1_1' title='bbox 214 78 313 129; x_wconf 77' lang='lat'><strong>264</strong></span> <span class='ocrx_word' id='word_1_2' title='bbox 477 78 546 129; x_wconf 88' lang='lat' dir='ltr'><strong>M.</strong></span> <span class='ocrx_word' id='word_1_3' title='bbox 579 78 634 128; x_wconf 85' lang='lat' dir='ltr'><strong>T.</strong></span> <span class='ocrx_word' id='word_1_4' title='bbox 670 73 1012 127; x_wconf 85' lang='lat' dir='ltr'>CICERONIS</span> <span class='ocrx_word' id='word_1_5' title='bbox 1045 73 1427 127; x_wconf 86' lang='lat' dir='ltr'>EPISTOLAE.</span> 
     </span>
    </p>
   </div>
   <div class='ocr_carea' id='block_1_2' title="bbox 189 195 1693 806">
    <p class='ocr_par' dir='ltr' id='par_1_2' title="bbox 220 195 1688 419">
     <span class='ocr_line' id='line_1_2' title="bbox 220 195 1687 254; baseline -0.001 -15"><span class='ocrx_word' id='word_1_6' title='bbox 220 197 298 239; x_wconf 88' lang='lat' dir='ltr'><strong>sed</strong></span> <span class='ocrx_word' id='word_1_7' title='bbox 327 211 509 253; x_wconf 80' lang='lat' dir='ltr'><strong>quaero,</strong></span> <span class='ocrx_word' id='word_1_8' title='bbox 528 196 658 252; x_wconf 54' lang='lat' dir='ltr'><strong>‚quod</strong></span> <span class='ocrx_word' id='word_1_9' title='bbox 686 198 759 238; x_wconf 90' lang='lat' dir='ltr'><strong>illi</strong></span> <span class='ocrx_word' id='word_1_10' title='bbox 788 210 898 252; x_wconf 89' lang='lat' dir='ltr'><strong>opus</strong></span> <span class='ocrx_word' id='word_1_11' title='bbox 922 197 1010 238; x_wconf 88' lang='lat' dir='ltr'><strong>erit</strong></span> <span class='ocrx_word' id='word_1_12' title='bbox 1030 195 1227 246; x_wconf 80' lang='lat' dir='ltr'><strong>Athenis,</strong></span> <span class='ocrx_word' id='word_1_13' title='bbox 1256 198 1559 250; x_wconf 85' lang='lat' dir='ltr'><strong>permutarine</strong></span> <span class='ocrx_word' id='word_1_14' title='bbox 1586 212 1687 254; x_wconf 87' lang='lat' dir='ltr'><strong>pos-</strong></span> 
     </span>
     <span class='ocr_line' id='line_1_3' title="bbox 223 252 1686 308; baseline -0.001 -12"><span class='ocrx_word' id='word_1_15' title='bbox 223 256 297 303; x_wconf 77' lang='lat' dir='ltr'><strong>sit,</strong></span> <span class='ocrx_word' id='word_1_16' title='bbox 327 269 382 294; x_wconf 87' lang='lat' dir='ltr'><strong>an</strong></span> <span class='ocrx_word' id='word_1_17' title='bbox 412 256 498 308; x_wconf 89' lang='lat' dir='ltr'><strong>ipsi</strong></span> <span class='ocrx_word' id='word_1_18' title='bbox 525 252 757 295; x_wconf 81' lang='lat' dir='ltr'><strong>ferendum</strong></span> <span class='ocrx_word' id='word_1_19' title='bbox 787 256 869 303; x_wconf 79' lang='lat' dir='ltr'><strong>sit3</strong></span> <span class='ocrx_word' id='word_1_20' title='bbox 912 253 967 294; x_wconf 90' lang='lat' dir='ltr'><strong>de</strong></span> <span class='ocrx_word' id='word_1_21' title='bbox 995 258 1176 306; x_wconf 86' lang='lat' dir='ltr'><strong>totaque</strong></span> <span class='ocrx_word' id='word_1_22' title='bbox 1211 265 1276 304; x_wconf 87' lang='lat' dir='ltr'><strong>re,</strong></span> <span class='ocrx_word' id='word_1_23' title='bbox 1322 253 1686 306; x_wconf 85' lang='lat' dir='ltr'><strong>quemadmodum</strong></span> 
     </span>
     <span class='ocr_line' id='line_1_4' title="bbox 226 307 1688 365; baseline 0.001 -15"><span class='ocrx_word' id='word_1_24' title='bbox 226 316 272 350; x_wconf 89' lang='lat' dir='ltr'><strong>et</strong></span> <span class='ocrx_word' id='word_1_25' title='bbox 299 310 472 363; x_wconf 87' lang='lat' dir='ltr'><strong>quando</strong></span> <span class='ocrx_word' id='word_1_26' title='bbox 508 311 696 365; x_wconf 83' lang='lat' dir='ltr'><strong>placeat,</strong></span> <span class='ocrx_word' id='word_1_27' title='bbox 735 311 873 350; x_wconf 89' lang='lat' dir='ltr'><strong>velim</strong></span> <span class='ocrx_word' id='word_1_28' title='bbox 912 307 1176 348; x_wconf 83' lang='lat' dir='ltr'>consideres.</span> <span class='ocrx_word' id='word_1_29' title='bbox 1232 308 1450 349; x_wconf 89' lang='lat' dir='ltr'><strong>Publilius</strong></span> <span class='ocrx_word' id='word_1_30' title='bbox 1487 311 1688 351; x_wconf 86' lang='lat' dir='ltr'><strong>iturusne</strong></span> 
     </span>
     <span class='ocr_line' id='line_1_5' title="bbox 232 362 1688 419; baseline 0.001 -14"><span class='ocrx_word' id='word_1_31' title='bbox 232 367 290 405; x_wconf 91' lang='lat' dir='ltr'><strong>sit</strong></span> <span class='ocrx_word' id='word_1_32' title='bbox 319 367 365 404; x_wconf 93' lang='lat' dir='ltr'><strong>in</strong></span> <span class='ocrx_word' id='word_1_33' title='bbox 393 366 590 407; x_wconf 83' lang='lat' dir='ltr'><strong>Africam</strong></span> <span class='ocrx_word' id='word_1_34' title='bbox 619 372 664 406; x_wconf 90' lang='lat' dir='ltr'><strong>et</strong></span> <span class='ocrx_word' id='word_1_35' title='bbox 693 364 883 419; x_wconf 86' lang='lat' dir='ltr'><strong>quando,</strong></span> <span class='ocrx_word' id='word_1_36' title='bbox 914 378 967 405; x_wconf 79' lang='lat' dir='ltr'><strong>ex</strong></span> <span class='ocrx_word' id='word_1_37' title='bbox 995 362 1152 403; x_wconf 83' lang='lat' dir='ltr'>Aledio</span> <span class='ocrx_word' id='word_1_38' title='bbox 1182 364 1296 403; x_wconf 87' lang='lat' dir='ltr'><strong>scire</strong></span> <span class='ocrx_word' id='word_1_39' title='bbox 1325 366 1516 417; x_wconf 89' lang='lat' dir='ltr'><strong>poteris:</strong></span> <span class='ocrx_word' id='word_1_40' title='bbox 1556 379 1688 419; x_wconf 82' lang='lat' dir='ltr'><strong>quae-</strong></span> 
     </span>
    </p>

    <p class='ocr_par' dir='ltr' id='par_1_3' title="bbox 191 416 1693 697">
     <span class='ocr_line' id='line_1_6' title="bbox 191 416 1690 473; baseline 0.001 -14"><span class='ocrx_word' id='word_1_41' title='bbox 191 416 302 460; x_wconf 85' lang='lat' dir='ltr'><strong>2ras</strong></span> <span class='ocrx_word' id='word_1_42' title='bbox 333 427 376 461; x_wconf 79' lang='lat' dir='ltr'><strong>et</strong></span> <span class='ocrx_word' id='word_1_43' title='bbox 404 420 459 462; x_wconf 85' lang='lat' dir='ltr'><strong>ad</strong></span> <span class='ocrx_word' id='word_1_44' title='bbox 485 435 555 462; x_wconf 91' lang='lat' dir='ltr'><strong>me</strong></span> <span class='ocrx_word' id='word_1_45' title='bbox 583 422 749 462; x_wconf 84' lang='lat' dir='ltr'><strong>scribas</strong></span> <span class='ocrx_word' id='word_1_46' title='bbox 778 421 926 461; x_wconf 85' lang='lat' dir='ltr'><strong>velim.</strong></span> <span class='ocrx_word' id='word_1_47' title='bbox 984 419 1054 470; x_wconf 87' lang='lat' dir='ltr'><strong>Et,</strong></span> <span class='ocrx_word' id='word_1_48' title='bbox 1094 425 1146 458; x_wconf 88' lang='lat' dir='ltr'><strong>ut</strong></span> <span class='ocrx_word' id='word_1_49' title='bbox 1174 417 1229 458; x_wconf 84' lang='lat' dir='ltr'><strong>ad</strong></span> <span class='ocrx_word' id='word_1_50' title='bbox 1257 433 1374 459; x_wconf 86' lang='lat' dir='ltr'><strong>meas</strong></span> <span class='ocrx_word' id='word_1_51' title='bbox 1403 421 1592 473; x_wconf 83' lang='lat' dir='ltr'><strong>ineptias</strong></span> <span class='ocrx_word' id='word_1_52' title='bbox 1619 435 1690 461; x_wconf 84' lang='lat' dir='ltr'><strong>re-</strong></span> 
     </span>
     <span class='ocr_line' id='line_1_7' title="bbox 230 473 1691 528; baseline 0.001 -13"><span class='ocrx_word' id='word_1_53' title='bbox 230 475 371 528; x_wconf 84' lang='lat' dir='ltr'><strong>deam,</strong></span> <span class='ocrx_word' id='word_1_54' title='bbox 410 478 548 518; x_wconf 78' lang='lat' dir='ltr'><strong>velim</strong></span> <span class='ocrx_word' id='word_1_55' title='bbox 578 490 647 517; x_wconf 88' lang='lat' dir='ltr'><strong>me</strong></span> <span class='ocrx_word' id='word_1_56' title='bbox 677 477 915 516; x_wconf 67' lang='lat' dir='ltr'><strong>certiorem</strong></span> <span class='ocrx_word' id='word_1_57' title='bbox 944 476 1097 526; x_wconf 82' lang='lat' dir='ltr'><strong>facias,</strong></span> <span class='ocrx_word' id='word_1_58' title='bbox 1135 474 1180 515; x_wconf 88' lang='grc' dir='ltr'><strong>Ρ.</strong></span> <span class='ocrx_word' id='word_1_59' title='bbox 1212 473 1407 526; x_wconf 80' lang='lat' dir='ltr'><strong>Crassus,</strong></span> <span class='ocrx_word' id='word_1_60' title='bbox 1445 475 1691 516; x_wconf 85' lang='lat' dir='ltr'><strong>Venuleiae</strong></span> 
     </span>
     <span class='ocr_line' id='line_1_8' title="bbox 228 530 1692 583; baseline 0.001 -14"><span class='ocrx_word' id='word_1_61' title='bbox 228 532 363 582; x_wconf 88' lang='lat' dir='ltr'><strong>filius,</strong></span> <span class='ocrx_word' id='word_1_62' title='bbox 411 534 574 573; x_wconf 75' lang='lat' dir='ltr'><strong>vivone</strong></span> <span class='ocrx_word' id='word_1_63' title='bbox 610 533 655 572; x_wconf 92' lang='lat' dir='ltr'><strong>P.</strong></span> <span class='ocrx_word' id='word_1_64' title='bbox 693 531 850 571; x_wconf 82' lang='lat' dir='ltr'><strong>Crasso</strong></span> <span class='ocrx_word' id='word_1_65' title='bbox 898 530 1136 581; x_wconf 84' lang='lat' dir='ltr'><strong>consulari,</strong></span> <span class='ocrx_word' id='word_1_66' title='bbox 1179 537 1304 583; x_wconf 84' lang='lat' dir='ltr'><strong>patre</strong></span> <span class='ocrx_word' id='word_1_67' title='bbox 1347 543 1442 582; x_wconf 89' lang='lat' dir='ltr'><strong>suo,</strong></span> <span class='ocrx_word' id='word_1_68' title='bbox 1490 538 1692 571; x_wconf 89' lang='lat' dir='ltr'><strong>mortuus</strong></span> 
     </span>
     <span class='ocr_line' id='line_1_9' title="bbox 229 584 1692 644; baseline 0.001 -19"><span class='ocrx_word' id='word_1_69' title='bbox 229 588 301 633; x_wconf 85' lang='lat' dir='ltr'><strong>sit,</strong></span> <span class='ocrx_word' id='word_1_70' title='bbox 342 594 394 628; x_wconf 83' lang='lat' dir='ltr'><strong>ut</strong></span> <span class='ocrx_word' id='word_1_71' title='bbox 422 601 502 644; x_wconf 88' lang='lat' dir='ltr'><strong>ego</strong></span> <span class='ocrx_word' id='word_1_72' title='bbox 532 588 780 631; x_wconf 82' lang='lat' dir='ltr'><strong>meminisse</strong></span> <span class='ocrx_word' id='word_1_73' title='bbox 808 584 981 638; x_wconf 86' lang='lat' dir='ltr'><strong>videor,</strong></span> <span class='ocrx_word' id='word_1_74' title='bbox 1023 598 1079 625; x_wconf 88' lang='lat' dir='ltr'><strong>an</strong></span> <span class='ocrx_word' id='word_1_75' title='bbox 1116 592 1227 639; x_wconf 88' lang='lat' dir='ltr'><strong>post.</strong></span> <span class='ocrx_word' id='word_1_76' title='bbox 1282 586 1392 626; x_wconf 83' lang='lat' dir='ltr'><strong>Item</strong></span> <span class='ocrx_word' id='word_1_77' title='bbox 1431 599 1595 640; x_wconf 82' lang='lat' dir='ltr'><strong>quaero</strong></span> <span class='ocrx_word' id='word_1_78' title='bbox 1638 586 1692 626; x_wconf 88' lang='lat' dir='ltr'><strong>de</strong></span> 
     </span>
     <span class='ocr_line' id='line_1_10' title="bbox 231 641 1693 697; baseline 0.001 -17"><span class='ocrx_word' id='word_1_79' title='bbox 231 641 425 697; x_wconf 73' lang='lat' dir='ltr'><strong>Regillo,</strong></span> <span class='ocrx_word' id='word_1_80' title='bbox 454 642 617 696; x_wconf 87' lang='lat' dir='ltr'><strong>Lepidi</strong></span> <span class='ocrx_word' id='word_1_81' title='bbox 644 644 752 693; x_wconf 85' lang='lat' dir='ltr'><strong>filio,</strong></span> <span class='ocrx_word' id='word_1_82' title='bbox 786 648 961 682; x_wconf 85' lang='lat' dir='ltr'><strong>rectene</strong></span> <span class='ocrx_word' id='word_1_83' title='bbox 991 643 1266 681; x_wconf 89' lang='lat' dir='ltr'><strong>meminerim</strong></span> <span class='ocrx_word' id='word_1_84' title='bbox 1295 647 1422 694; x_wconf 82' lang='lat' dir='ltr'><strong>patre</strong></span> <span class='ocrx_word' id='word_1_85' title='bbox 1445 643 1551 681; x_wconf 89' lang='lat' dir='ltr'><strong>vivo</strong></span> <span class='ocrx_word' id='word_1_86' title='bbox 1572 654 1693 681; x_wconf 86' lang='lat' dir='ltr'><strong>mor-</strong></span> 
     </span>
    </p>

    <p class='ocr_par' dir='ltr' id='par_1_4' title="bbox 189 692 1690 806">
     <span class='ocr_line' id='line_1_11' title="bbox 189 692 1690 753; baseline 0.002 -19"><span class='ocrx_word' id='word_1_87' title='bbox 189 692 369 738; x_wconf 79' lang='lat' dir='ltr'><strong>3tuum.</strong></span> <span class='ocrx_word' id='word_1_88' title='bbox 430 699 634 753; x_wconf 79' lang='lat' dir='ltr'><strong>Cispiana</strong></span> <span class='ocrx_word' id='word_1_89' title='bbox 664 698 905 751; x_wconf 79' lang='lat' dir='ltr'><strong>explicabis</strong></span> <span class='ocrx_word' id='word_1_90' title='bbox 943 698 1136 749; x_wconf 86' lang='lat' dir='ltr'><strong>itemque</strong></span> <span class='ocrx_word' id='word_1_91' title='bbox 1164 697 1391 739; x_wconf 89' lang='lat' dir='ltr'><strong>Preciana.</strong></span> <span class='ocrx_word' id='word_1_92' title='bbox 1439 697 1507 738; x_wconf 90' lang='lat' dir='ltr'><strong>De</strong></span> <span class='ocrx_word' id='word_1_93' title='bbox 1527 696 1690 748; x_wconf 86' lang='lat' dir='ltr'><strong>Attica,</strong></span> 
     </span>
     <span class='ocr_line' id='line_1_12' title="bbox 231 751 1203 806; baseline 0.001 -15"><span class='ocrx_word' id='word_1_94' title='bbox 231 754 425 806; x_wconf 87' lang='lat' dir='ltr'><strong>optime:</strong></span> <span class='ocrx_word' id='word_1_95' title='bbox 457 761 502 801; x_wconf 82' lang='lat' dir='ltr'><strong>et</strong></span> <span class='ocrx_word' id='word_1_96' title='bbox 531 755 573 799; x_wconf 89' lang='lat' dir='ltr'><strong>ei</strong></span> <span class='ocrx_word' id='word_1_97' title='bbox 601 754 786 799; x_wconf 83' lang='lat' dir='ltr'><strong>salutem</strong></span> <span class='ocrx_word' id='word_1_98' title='bbox 816 751 948 805; x_wconf 81' lang='lat' dir='ltr'><strong>dices,</strong></span> <span class='ocrx_word' id='word_1_99' title='bbox 980 758 1024 799; x_wconf 82' lang='lat' dir='ltr'><strong>et</strong></span> <span class='ocrx_word' id='word_1_100' title='bbox 1050 752 1203 794; x_wconf 83' lang='lat' dir='ltr'><strong>Piliae.</strong></span> 
     </span>
    </p>
   </div>
   <div class='ocr_carea' id='block_1_3' title="bbox 384 891 1544 1024">
    <p class='ocr_par' dir='ltr' id='par_1_5' title="bbox 384 891 1544 1024">
     <span class='ocr_line' id='line_1_13' title="bbox 384 891 1544 953; baseline -0.004 -12"><span class='ocrx_word' id='word_1_101' title='bbox 384 892 709 944; x_wconf 87' lang='lat' dir='ltr'>EPISTOLA</span> <span class='ocrx_word' id='word_1_102' title='bbox 742 893 967 943; x_wconf 91' lang='lat' dir='ltr'>DXLIII.</span> <span class='ocrx_word' id='word_1_103' title='bbox 1036 892 1121 953; x_wconf 87' lang='lat' dir='ltr'><strong>(ad</strong></span> <span class='ocrx_word' id='word_1_104' title='bbox 1152 891 1256 943; x_wconf 87' lang='lat' dir='ltr'><strong>Att.</strong></span> <span class='ocrx_word' id='word_1_105' title='bbox 1292 891 1403 941; x_wconf 93' lang='lat' dir='ltr'><strong>XII.</strong></span> <span class='ocrx_word' id='word_1_106' title='bbox 1436 891 1544 950; x_wconf 80' lang='lat'><strong>25.)</strong></span> 
     </span>
     <span class='ocr_line' id='line_1_14' title="bbox 385 979 1543 1024; baseline -0.001 -9"><span class='ocrx_word' id='word_1_107' title='bbox 385 980 468 1016; x_wconf 78' lang='lat' dir='ltr'><strong>scr.</strong></span> <span class='ocrx_word' id='word_1_108' title='bbox 495 983 653 1016; x_wconf 75' lang='lat' dir='ltr'><strong>Asturae</strong></span> <span class='ocrx_word' id='word_1_109' title='bbox 679 993 810 1017; x_wconf 76' lang='lat' dir='ltr'><strong>mense</strong></span> <span class='ocrx_word' id='word_1_110' title='bbox 835 983 971 1017; x_wconf 73' lang='lat' dir='ltr'><strong>Martio</strong></span> <span class='ocrx_word' id='word_1_111' title='bbox 997 983 1040 1018; x_wconf 89' lang='lat' dir='ltr'><strong>A.</strong></span> <span class='ocrx_word' id='word_1_112' title='bbox 1068 983 1113 1017; x_wconf 88' lang='lat' dir='ltr'><strong>U.</strong></span> <span class='ocrx_word' id='word_1_113' title='bbox 1142 982 1180 1017; x_wconf 87' lang='lat' dir='ltr'><strong>c.</strong></span> <span class='ocrx_word' id='word_1_114' title='bbox 1207 984 1288 1018; x_wconf 88' lang='lat'><strong>709.</strong></span> <span class='ocrx_word' id='word_1_115' title='bbox 1320 982 1370 1024; x_wconf 86' lang='lat' dir='ltr'><strong>(a.</strong></span> <span class='ocrx_word' id='word_1_116' title='bbox 1400 979 1440 1015; x_wconf 84' lang='lat' dir='ltr'><strong>e.</strong></span> <span class='ocrx_word' id='word_1_117' title='bbox 1466 980 1543 1023; x_wconf 79' lang='lat'><strong>45.)</strong></span> 
     </span>
    </p>
   </div>
   <div class='ocr_carea' id='block_1_4' title="bbox 230 1049 1695 1138">
    <p class='ocr_par' dir='ltr' id='par_1_6' title="bbox 230 1049 1695 1138">
     <span class='ocr_line' id='line_1_15' title="bbox 230 1049 1695 1100; baseline -0.001 -14"><span class='ocrx_word' id='word_1_118' title='bbox 230 1050 287 1087; x_wconf 86' lang='lat' dir='ltr'><strong>De</strong></span> <span class='ocrx_word' id='word_1_119' title='bbox 312 1049 403 1086; x_wconf 85' lang='lat' dir='ltr'><strong>Silii</strong></span> <span class='ocrx_word' id='word_1_120' title='bbox 435 1052 559 1088; x_wconf 85' lang='lat' dir='ltr'><strong>hortis</strong></span> <span class='ocrx_word' id='word_1_121' title='bbox 585 1054 769 1098; x_wconf 84' lang='lat' dir='ltr'><strong>emendis,</strong></span> <span class='ocrx_word' id='word_1_122' title='bbox 809 1054 873 1089; x_wconf 84' lang='lat' dir='ltr'><strong>sed</strong></span> <span class='ocrx_word' id='word_1_123' title='bbox 900 1054 950 1090; x_wconf 84' lang='lat' dir='ltr'><strong>ita</strong></span> <span class='ocrx_word' id='word_1_124' title='bbox 976 1059 1019 1087; x_wconf 84' lang='lat' dir='ltr'><strong>ut</strong></span> <span class='ocrx_word' id='word_1_125' title='bbox 1049 1059 1251 1089; x_wconf 82' lang='lat' dir='ltr'><strong>numerato</strong></span> <span class='ocrx_word' id='word_1_126' title='bbox 1276 1053 1403 1100; x_wconf 87' lang='lat' dir='ltr'><strong>potius</strong></span> <span class='ocrx_word' id='word_1_127' title='bbox 1435 1062 1549 1098; x_wconf 85' lang='lat' dir='ltr'><strong>quam</strong></span> <span class='ocrx_word' id='word_1_128' title='bbox 1582 1050 1695 1086; x_wconf 85' lang='lat' dir='ltr'><strong>aesti-</strong></span> 
     </span>
     <span class='ocr_line' id='line_1_16' title="bbox 805 1103 1123 1138; baseline 0.009 -3"><span class='ocrx_word' id='word_1_129' title='bbox 805 1103 984 1136; x_wconf 83' lang='lat' dir='ltr'><strong>matione.</strong></span> <span class='ocrx_word' id='word_1_130' title='bbox 1020 1104 1123 1138; x_wconf 83' lang='lat'><strong>1—2.</strong></span> 
     </span>
    </p>
   </div>
   <div class='ocr_carea' id='block_1_5' title="bbox 730 1173 1195 1210">
    <p class='ocr_par' dir='ltr' id='par_1_7' title="bbox 730 1173 1195 1210">
     <span class='ocr_line' id='line_1_17' title="bbox 730 1173 1195 1210; baseline -0.004 0"><span class='ocrx_word' id='word_1_131' title='bbox 730 1174 906 1210; x_wconf 87' lang='lat' dir='ltr'>CICERO</span> <span class='ocrx_word' id='word_1_132' title='bbox 943 1174 1121 1209; x_wconf 87' lang='lat' dir='ltr'>ATTICO</span> <span class='ocrx_word' id='word_1_133' title='bbox 1158 1173 1195 1209; x_wconf 91' lang='lat' dir='ltr'><strong>S.</strong></span> 
     </span>
    </p>
   </div>
   <div class='ocr_carea' id='block_1_6' title="bbox 229 1243 1696 1355">
    <p class='ocr_par' dir='ltr' id='par_1_8' title="bbox 229 1243 1696 1355">
     <span class='ocr_line' id='line_1_18' title="bbox 341 1243 1694 1302; baseline 0.001 -18"><span class='ocrx_word' id='word_1_134' title='bbox 341 1243 533 1297; x_wconf 86' lang='lat' dir='ltr'><strong>Scripsit</strong></span> <span class='ocrx_word' id='word_1_135' title='bbox 571 1244 626 1285; x_wconf 83' lang='lat' dir='ltr'><strong>ad</strong></span> <span class='ocrx_word' id='word_1_136' title='bbox 663 1259 731 1286; x_wconf 90' lang='lat' dir='ltr'><strong>me</strong></span> <span class='ocrx_word' id='word_1_137' title='bbox 761 1245 1000 1302; x_wconf 85' lang='lat' dir='ltr'><strong>diligenter</strong></span> <span class='ocrx_word' id='word_1_138' title='bbox 1037 1246 1166 1286; x_wconf 83' lang='lat' dir='ltr'><strong>Sicca</strong></span> <span class='ocrx_word' id='word_1_139' title='bbox 1207 1245 1260 1286; x_wconf 94' lang='lat' dir='ltr'><strong>de</strong></span> <span class='ocrx_word' id='word_1_140' title='bbox 1298 1244 1428 1297; x_wconf 85' lang='lat' dir='ltr'><strong>Silio,</strong></span> <span class='ocrx_word' id='word_1_141' title='bbox 1470 1259 1600 1300; x_wconf 80' lang='lat' dir='ltr'><strong>seque</strong></span> <span class='ocrx_word' id='word_1_142' title='bbox 1638 1244 1694 1285; x_wconf 89' lang='lat' dir='ltr'><strong>ad</strong></span> 
     </span>
     <span class='ocr_line' id='line_1_19' title="bbox 229 1300 1696 1355; baseline 0.003 -17"><span class='ocrx_word' id='word_1_143' title='bbox 229 1304 275 1339; x_wconf 87' lang='lat' dir='ltr'><strong>te</strong></span> <span class='ocrx_word' id='word_1_144' title='bbox 305 1313 399 1341; x_wconf 87' lang='lat' dir='ltr'><strong>rem</strong></span> <span class='ocrx_word' id='word_1_145' title='bbox 428 1300 662 1342; x_wconf 88' lang='lat' dir='ltr'><strong>detulisse:</strong></span> <span class='ocrx_word' id='word_1_146' title='bbox 707 1301 824 1355; x_wconf 86' lang='lat' dir='ltr'><strong>quod</strong></span> <span class='ocrx_word' id='word_1_147' title='bbox 853 1308 902 1342; x_wconf 87' lang='lat' dir='ltr'><strong>tu</strong></span> <span class='ocrx_word' id='word_1_148' title='bbox 931 1301 1048 1342; x_wconf 88' lang='lat' dir='ltr'><strong>idem</strong></span> <span class='ocrx_word' id='word_1_149' title='bbox 1083 1303 1253 1342; x_wconf 86' lang='lat' dir='ltr'><strong>scribis.</strong></span> <span class='ocrx_word' id='word_1_150' title='bbox 1311 1302 1430 1342; x_wconf 86' lang='lat' dir='ltr'><strong>Mihi</strong></span> <span class='ocrx_word' id='word_1_151' title='bbox 1467 1308 1511 1342; x_wconf 86' lang='lat' dir='ltr'><strong>et</strong></span> <span class='ocrx_word' id='word_1_152' title='bbox 1544 1314 1614 1341; x_wconf 91' lang='lat' dir='ltr'><strong>res</strong></span> <span class='ocrx_word' id='word_1_153' title='bbox 1651 1307 1696 1343; x_wconf 81' lang='lat' dir='ltr'><strong>et</strong></span> 
     </span>
    </p>
   </div>
   <div class='ocr_carea' id='block_1_7' title="bbox 221 1417 1696 2759">
    <p class='ocr_par' dir='ltr' id='par_1_9' title="bbox 228 1417 1695 1656">
     <span class='ocr_line' id='line_1_20' title="bbox 231 1417 1691 1466; baseline -0.001 -14"><span class='ocrx_word' id='word_1_154' title='bbox 231 1417 303 1452; x_wconf 68' lang='lat'><strong>548</strong></span> <span class='ocrx_word' id='word_1_155' title='bbox 336 1429 396 1451; x_wconf 85' lang='lat' dir='ltr'><strong>am</strong></span> <span class='ocrx_word' id='word_1_156' title='bbox 428 1419 549 1453; x_wconf 90' lang='lat' dir='ltr'><strong>Ende.</strong></span> <span class='ocrx_word' id='word_1_157' title='bbox 589 1438 637 1444; x_wconf 92' lang='lat'><strong>—</strong></span> <span class='ocrx_word' id='word_1_158' title='bbox 686 1425 827 1466; x_wconf 78' lang='lat' dir='ltr'><strong>tempus</strong></span> <span class='ocrx_word' id='word_1_159' title='bbox 857 1419 1027 1452; x_wconf 82' lang='lat' dir='ltr'><strong>Athenas</strong></span> <span class='ocrx_word' id='word_1_160' title='bbox 1059 1419 1346 1464; x_wconf 88' lang='lat' dir='ltr'><strong>proficiscendi.</strong></span> <span class='ocrx_word' id='word_1_161' title='bbox 1407 1417 1442 1451; x_wconf 87' lang='lat' dir='ltr'><strong>S.</strong></span> <span class='ocrx_word' id='word_1_162' title='bbox 1466 1428 1522 1462; x_wconf 89' lang='lat' dir='ltr'><strong>ep.</strong></span> <span class='ocrx_word' id='word_1_163' title='bbox 1549 1418 1632 1456; x_wconf 78' lang='lat'><strong>545,</strong></span> <span class='ocrx_word' id='word_1_164' title='bbox 1656 1418 1691 1452; x_wconf 89' lang='lat'><strong>2.</strong></span> 
     </span>
     <span class='ocr_line' id='line_1_21' title="bbox 231 1465 1694 1514; baseline 0 -15"><span class='ocrx_word' id='word_1_165' title='bbox 231 1483 279 1490; x_wconf 85' lang='lat'><strong>-—</strong></span> <span class='ocrx_word' id='word_1_166' title='bbox 302 1470 556 1511; x_wconf 68' lang='lat' dir='ltr'><strong>permutat-ine</strong></span> <span class='ocrx_word' id='word_1_167' title='bbox 586 1470 718 1514; x_wconf 76' lang='lat' dir='ltr'><strong>possit,</strong></span> <span class='ocrx_word' id='word_1_168' title='bbox 755 1481 804 1502; x_wconf 77' lang='lat' dir='ltr'><strong>cm</strong></span> <span class='ocrx_word' id='word_1_169' title='bbox 842 1471 914 1511; x_wconf 80' lang='lat' dir='ltr'><strong>ipsi</strong></span> <span class='ocrx_word' id='word_1_170' title='bbox 938 1467 1148 1512; x_wconf 79' lang='lat' dir='ltr'><strong>ferendum,</strong></span> <span class='ocrx_word' id='word_1_171' title='bbox 1188 1467 1233 1501; x_wconf 92' lang='lat' dir='ltr'><strong>ob</strong></span> <span class='ocrx_word' id='word_1_172' title='bbox 1267 1467 1333 1500; x_wconf 85' lang='lat' dir='ltr'><strong>ich</strong></span> <span class='ocrx_word' id='word_1_173' title='bbox 1367 1465 1467 1506; x_wconf 85' lang='lat' dir='ltr'><strong>ihm,</strong></span> <span class='ocrx_word' id='word_1_174' title='bbox 1504 1465 1694 1506; x_wconf 84' lang='lat' dir='ltr'><strong>Was...‚</strong></span> 
     </span>
     <span class='ocr_line' id='line_1_22' title="bbox 231 1512 1695 1563; baseline 0 -18"><span class='ocrx_word' id='word_1_175' title='bbox 231 1512 356 1547; x_wconf 83' lang='lat' dir='ltr'><strong>durch</strong></span> <span class='ocrx_word' id='word_1_176' title='bbox 381 1513 617 1563; x_wconf 77' lang='lat' dir='ltr'><strong>Anweisung</strong></span> <span class='ocrx_word' id='word_1_177' title='bbox 643 1516 735 1550; x_wconf 80' lang='lat' dir='ltr'><strong>oder</strong></span> <span class='ocrx_word' id='word_1_178' title='bbox 759 1515 947 1551; x_wconf 87' lang='lat' dir='ltr'><strong>Wechsel</strong></span> <span class='ocrx_word' id='word_1_179' title='bbox 973 1515 1067 1551; x_wconf 76' lang='lat' dir='ltr'><strong>oder</strong></span> <span class='ocrx_word' id='word_1_180' title='bbox 1092 1515 1134 1548; x_wconf 87' lang='lat' dir='ltr'><strong>in</strong></span> <span class='ocrx_word' id='word_1_181' title='bbox 1160 1515 1397 1562; x_wconf 83' lang='lat' dir='ltr'><strong>klingender</strong></span> <span class='ocrx_word' id='word_1_182' title='bbox 1421 1515 1558 1548; x_wconf 84' lang='lat' dir='ltr'><strong>Miinze</strong></span> <span class='ocrx_word' id='word_1_183' title='bbox 1583 1514 1695 1548; x_wconf 74' lang='lat' dir='ltr'><strong>iiber-</strong></span> 
     </span>
     <span class='ocr_line' id='line_1_23' title="bbox 230 1561 1694 1608; baseline 0.001 -14"><span class='ocrx_word' id='word_1_184' title='bbox 230 1561 371 1595; x_wconf 88' lang='lat' dir='ltr'><strong>senden</strong></span> <span class='ocrx_word' id='word_1_185' title='bbox 397 1566 532 1600; x_wconf 72' lang='lat' dir='ltr'><strong>iniisse.</strong></span> <span class='ocrx_word' id='word_1_186' title='bbox 572 1563 608 1598; x_wconf 84' lang='lat' dir='ltr'><strong>S.</strong></span> <span class='ocrx_word' id='word_1_187' title='bbox 636 1575 692 1608; x_wconf 85' lang='lat' dir='ltr'><strong>ep.</strong></span> <span class='ocrx_word' id='word_1_188' title='bbox 720 1565 802 1606; x_wconf 82' lang='lat'><strong>539,</strong></span> <span class='ocrx_word' id='word_1_189' title='bbox 829 1567 860 1598; x_wconf 91' lang='lat'><strong>1.</strong></span> <span class='ocrx_word' id='word_1_190' title='bbox 896 1582 941 1588; x_wconf 90' lang='lat'>—</span> <span class='ocrx_word' id='word_1_191' title='bbox 973 1563 1165 1601; x_wconf 71' lang='lat' dir='ltr'><strong>Publilius.</strong></span> <span class='ocrx_word' id='word_1_192' title='bbox 1200 1562 1234 1598; x_wconf 88' lang='lat' dir='ltr'><strong>S.</strong></span> <span class='ocrx_word' id='word_1_193' title='bbox 1261 1575 1310 1596; x_wconf 88' lang='lat' dir='ltr'><strong>zu</strong></span> <span class='ocrx_word' id='word_1_194' title='bbox 1336 1574 1393 1608; x_wconf 90' lang='lat' dir='ltr'><strong>ep.</strong></span> <span class='ocrx_word' id='word_1_195' title='bbox 1420 1564 1500 1597; x_wconf 87' lang='lat'><strong>533.</strong></span> <span class='ocrx_word' id='word_1_196' title='bbox 1527 1574 1559 1599; x_wconf 84' lang='lat' dir='ltr'><strong>a.</strong></span> <span class='ocrx_word' id='word_1_197' title='bbox 1586 1564 1620 1597; x_wconf 90' lang='lat'><strong>2.</strong></span> <span class='ocrx_word' id='word_1_198' title='bbox 1646 1580 1694 1587; x_wconf 96' lang='lat'>—</span> 
     </span>
     <span class='ocr_line' id='line_1_24' title="bbox 228 1610 923 1656; baseline 0.01 -12"><span class='ocrx_word' id='word_1_199' title='bbox 228 1611 373 1647; x_wconf 77' lang='lat' dir='ltr'><strong>Aledio.</strong></span> <span class='ocrx_word' id='word_1_200' title='bbox 401 1610 435 1646; x_wconf 90' lang='lat' dir='ltr'><strong>S.</strong></span> <span class='ocrx_word' id='word_1_201' title='bbox 465 1623 523 1656; x_wconf 89' lang='lat' dir='ltr'><strong>ep.</strong></span> <span class='ocrx_word' id='word_1_202' title='bbox 550 1614 632 1653; x_wconf 71' lang='lat'><strong>541,</strong></span> <span class='ocrx_word' id='word_1_203' title='bbox 659 1615 678 1650; x_wconf 84' lang='lat'>1</span> <span class='ocrx_word' id='word_1_204' title='bbox 714 1624 774 1645; x_wconf 82' lang='lat' dir='ltr'><strong>am</strong></span> <span class='ocrx_word' id='word_1_205' title='bbox 801 1610 923 1646; x_wconf 86' lang='lat' dir='ltr'><strong>Ende.</strong></span> 
     </span>
    </p>

    <p class='ocr_par' dir='ltr' id='par_1_10' title="bbox 221 1657 1696 2224">
     <span class='ocr_line' id='line_1_25' title="bbox 326 1657 1693 1705; baseline -0.001 -12"><span class='ocrx_word' id='word_1_206' title='bbox 326 1659 361 1693; x_wconf 89' lang='grc'><strong>2.</strong></span> <span class='ocrx_word' id='word_1_207' title='bbox 413 1660 464 1692; x_wconf 80' lang='lat' dir='ltr'><strong>ad</strong></span> <span class='ocrx_word' id='word_1_208' title='bbox 485 1672 583 1694; x_wconf 83' lang='lat' dir='ltr'><strong>meas</strong></span> <span class='ocrx_word' id='word_1_209' title='bbox 608 1662 780 1705; x_wconf 79' lang='lat' dir='ltr'><strong>ineptias,</strong></span> <span class='ocrx_word' id='word_1_210' title='bbox 808 1659 1056 1694; x_wconf 83' lang='lat' dir='ltr'><strong>Kindereien.</strong></span> <span class='ocrx_word' id='word_1_211' title='bbox 1091 1659 1139 1693; x_wconf 89' lang='lat' dir='ltr'><strong>So</strong></span> <span class='ocrx_word' id='word_1_212' title='bbox 1166 1664 1291 1694; x_wconf 79' lang='lat' dir='ltr'><strong>neunt</strong></span> <span class='ocrx_word' id='word_1_213' title='bbox 1317 1669 1359 1694; x_wconf 84' lang='lat' dir='ltr'><strong>er</strong></span> <span class='ocrx_word' id='word_1_214' title='bbox 1384 1657 1606 1692; x_wconf 80' lang='lat' dir='ltr'><strong>scherzhaft</strong></span> <span class='ocrx_word' id='word_1_215' title='bbox 1633 1657 1693 1692; x_wconf 79' lang='lat' dir='ltr'><strong>die</strong></span> 
     </span>
     <span class='ocr_line' id='line_1_26' title="bbox 231 1704 1696 1754; baseline -0.001 -15"><span class='ocrx_word' id='word_1_216' title='bbox 231 1704 600 1754; x_wconf 79' lang='lat' dir='ltr'><strong>Untersuchungen,</strong></span> <span class='ocrx_word' id='word_1_217' title='bbox 627 1708 744 1743; x_wconf 82' lang='lat' dir='ltr'><strong>deren</strong></span> <span class='ocrx_word' id='word_1_218' title='bbox 770 1718 813 1740; x_wconf 84' lang='lat' dir='ltr'><strong>er</strong></span> <span class='ocrx_word' id='word_1_219' title='bbox 838 1718 908 1739; x_wconf 87' lang='lat' dir='ltr'><strong>zur</strong></span> <span class='ocrx_word' id='word_1_220' title='bbox 933 1707 1185 1754; x_wconf 77' lang='lat' dir='ltr'><strong>Vollendung</strong></span> <span class='ocrx_word' id='word_1_221' title='bbox 1216 1707 1339 1740; x_wconf 89' lang='lat' dir='ltr'><strong>seines</strong></span> <span class='ocrx_word' id='word_1_222' title='bbox 1365 1706 1488 1739; x_wconf 85' lang='lat' dir='ltr'><strong>Buchs</strong></span> <span class='ocrx_word' id='word_1_223' title='bbox 1525 1705 1570 1740; x_wconf 86' lang='lat' dir='ltr'><strong>de</strong></span> <span class='ocrx_word' id='word_1_224' title='bbox 1598 1706 1696 1740; x_wconf 85' lang='lat' dir='ltr'><strong>Con-</strong></span> 
     </span>
     <span class='ocr_line' id='line_1_27' title="bbox 230 1753 1695 1800; baseline 0.001 -15"><span class='ocrx_word' id='word_1_225' title='bbox 230 1753 416 1793; x_wconf 75' lang='lat' dir='ltr'><strong>solatione</strong></span> <span class='ocrx_word' id='word_1_226' title='bbox 444 1755 486 1797; x_wconf 83' lang='lat' dir='ltr'><strong>(S.</strong></span> <span class='ocrx_word' id='word_1_227' title='bbox 515 1767 572 1800; x_wconf 92' lang='lat' dir='ltr'><strong>ep.</strong></span> <span class='ocrx_word' id='word_1_228' title='bbox 600 1758 670 1791; x_wconf 85' lang='grc'><strong>536</strong></span> <span class='ocrx_word' id='word_1_229' title='bbox 695 1767 754 1788; x_wconf 83' lang='lat' dir='ltr'><strong>am</strong></span> <span class='ocrx_word' id='word_1_230' title='bbox 780 1754 891 1789; x_wconf 68' lang='lat' dir='ltr'><strong>Eride</strong></span> <span class='ocrx_word' id='word_1_231' title='bbox 917 1767 952 1790; x_wconf 85' lang='lat' dir='ltr'><strong>u.</strong></span> <span class='ocrx_word' id='word_1_232' title='bbox 971 1756 1054 1795; x_wconf 89' lang='grc'>530,</span> <span class='ocrx_word' id='word_1_233' title='bbox 1072 1758 1124 1797; x_wconf 90' lang='lat'><strong>3.)</strong></span> <span class='ocrx_word' id='word_1_234' title='bbox 1149 1754 1337 1795; x_wconf 78' lang='lat' dir='ltr'><strong>bedurfte,</strong></span> <span class='ocrx_word' id='word_1_235' title='bbox 1363 1754 1434 1787; x_wconf 84' lang='lat' dir='ltr'><strong>mit</strong></span> <span class='ocrx_word' id='word_1_236' title='bbox 1451 1754 1695 1800; x_wconf 80' lang='lat' dir='ltr'><strong>Anspielung</strong></span> 
     </span>
     <span class='ocr_line' id='line_1_28' title="bbox 231 1800 1694 1847; baseline 0.001 -15"><span class='ocrx_word' id='word_1_237' title='bbox 231 1802 299 1840; x_wconf 78' lang='lat' dir='ltr'><strong>auf</strong></span> <span class='ocrx_word' id='word_1_238' title='bbox 322 1801 394 1835; x_wconf 86' lang='lat' dir='ltr'><strong>den</strong></span> <span class='ocrx_word' id='word_1_239' title='bbox 421 1802 654 1844; x_wconf 79' lang='lat' dir='ltr'><strong>Hochmuth,</strong></span> <span class='ocrx_word' id='word_1_240' title='bbox 691 1801 827 1836; x_wconf 80' lang='lat' dir='ltr'><strong>womit</strong></span> <span class='ocrx_word' id='word_1_241' title='bbox 854 1802 924 1836; x_wconf 89' lang='lat' dir='ltr'><strong>der</strong></span> <span class='ocrx_word' id='word_1_242' title='bbox 954 1802 1173 1847; x_wconf 82' lang='lat' dir='ltr'><strong>praktische</strong></span> <span class='ocrx_word' id='word_1_243' title='bbox 1200 1802 1341 1836; x_wconf 83' lang='lat' dir='ltr'><strong>R&#39;omer</strong></span> <span class='ocrx_word' id='word_1_244' title='bbox 1371 1803 1440 1835; x_wconf 86' lang='lat' dir='ltr'><strong>auf</strong></span> <span class='ocrx_word' id='word_1_245' title='bbox 1467 1800 1598 1835; x_wconf 87' lang='lat' dir='ltr'><strong>solche</strong></span> <span class='ocrx_word' id='word_1_246' title='bbox 1623 1801 1694 1835; x_wconf 62' lang='lat' dir='ltr'><strong>Bev-</strong></span> 
     </span>
     <span class='ocr_line' id='line_1_29' title="bbox 230 1848 1692 1899; baseline 0.001 -18"><span class='ocrx_word' id='word_1_247' title='bbox 230 1848 533 1898; x_wconf 67' lang='lat' dir='ltr'><strong>sch&#39;ciftigungen</strong></span> <span class='ocrx_word' id='word_1_248' title='bbox 560 1851 624 1885; x_wconf 87' lang='lat' dir='ltr'><strong>des</strong></span> <span class='ocrx_word' id='word_1_249' title='bbox 650 1850 855 1899; x_wconf 83' lang='lat' dir='ltr'><strong>gelehrten</strong></span> <span class='ocrx_word' id='word_1_250' title='bbox 882 1850 1003 1884; x_wconf 90' lang='lat' dir='ltr'><strong>otium</strong></span> <span class='ocrx_word' id='word_1_251' title='bbox 1029 1850 1147 1885; x_wconf 86' lang='lat' dir='ltr'><strong>herab</strong></span> <span class='ocrx_word' id='word_1_252' title='bbox 1174 1863 1222 1884; x_wconf 87' lang='lat' dir='ltr'><strong>zu</strong></span> <span class='ocrx_word' id='word_1_253' title='bbox 1249 1849 1366 1884; x_wconf 87' lang='lat' dir='ltr'><strong>sehen</strong></span> <span class='ocrx_word' id='word_1_254' title='bbox 1391 1851 1545 1897; x_wconf 82' lang='lat' dir='ltr'><strong>pfiegte.</strong></span> <span class='ocrx_word' id='word_1_255' title='bbox 1571 1868 1619 1879; x_wconf 87' lang='grc'><strong>-.-</strong></span> <span class='ocrx_word' id='word_1_256' title='bbox 1653 1849 1692 1883; x_wconf 90' lang='grc' dir='ltr'><strong>Ρ.</strong></span> 
     </span>
     <span class='ocr_line' id='line_1_30' title="bbox 231 1895 1692 1941; baseline 0.001 -13"><span class='ocrx_word' id='word_1_257' title='bbox 231 1895 385 1937; x_wconf 85' lang='lat' dir='ltr'><strong>Licinio</strong></span> <span class='ocrx_word' id='word_1_258' title='bbox 415 1899 540 1932; x_wconf 75' lang='lat' dir='ltr'><strong>Crasso</strong></span> <span class='ocrx_word' id='word_1_259' title='bbox 567 1901 766 1939; x_wconf 77' lang='lat' dir='ltr'><strong>consulari,</strong></span> <span class='ocrx_word' id='word_1_260' title='bbox 804 1898 871 1941; x_wconf 85' lang='lat' dir='ltr'><strong>qui</strong></span> <span class='ocrx_word' id='word_1_261' title='bbox 899 1899 1032 1932; x_wconf 90' lang='lat' dir='ltr'><strong>consul</strong></span> <span class='ocrx_word' id='word_1_262' title='bbox 1064 1900 1141 1934; x_wconf 84' lang='lat' dir='ltr'><strong>fuit</strong></span> <span class='ocrx_word' id='word_1_263' title='bbox 1175 1910 1260 1932; x_wconf 89' lang='lat' dir='ltr'><strong>cum</strong></span> <span class='ocrx_word' id='word_1_264' title='bbox 1287 1898 1354 1931; x_wconf 86' lang='lat' dir='ltr'><strong>Cn.</strong></span> <span class='ocrx_word' id='word_1_265' title='bbox 1383 1898 1566 1933; x_wconf 84' lang='lat' dir='ltr'><strong>Cornelio</strong></span> <span class='ocrx_word' id='word_1_266' title='bbox 1594 1898 1692 1931; x_wconf 88' lang='lat' dir='ltr'><strong>Len.-</strong></span> 
     </span>
     <span class='ocr_line' id='line_1_31' title="bbox 229 1944 1692 1995; baseline 0.001 -19"><span class='ocrx_word' id='word_1_267' title='bbox 229 1944 314 1978; x_wconf 88' lang='lat' dir='ltr'><strong>tulo</strong></span> <span class='ocrx_word' id='word_1_268' title='bbox 341 1945 524 1985; x_wconf 80' lang='lat' dir='ltr'><strong>Clodiano</strong></span> <span class='ocrx_word' id='word_1_269' title='bbox 551 1958 580 1980; x_wconf 87' lang='lat' dir='ltr'><strong>a.</strong></span> <span class='ocrx_word' id='word_1_270' title='bbox 608 1948 692 1982; x_wconf 78' lang='lat'><strong>657.</strong></span> <span class='ocrx_word' id='word_1_271' title='bbox 730 1947 940 1980; x_wconf 84' lang='lat' dir='ltr'><strong>CORRAD.</strong></span> <span class='ocrx_word' id='word_1_272' title='bbox 977 1948 1138 1995; x_wconf 84' lang='lat' dir='ltr'><strong>Legatus</strong></span> <span class='ocrx_word' id='word_1_273' title='bbox 1165 1948 1206 1983; x_wconf 82' lang='lat' dir='ltr'><strong>L,</strong></span> <span class='ocrx_word' id='word_1_274' title='bbox 1244 1945 1412 1980; x_wconf 80' lang='lat' dir='ltr'><strong>Caesaris</strong></span> <span class='ocrx_word' id='word_1_275' title='bbox 1439 1946 1481 1979; x_wconf 87' lang='lat' dir='ltr'><strong>in</strong></span> <span class='ocrx_word' id='word_1_276' title='bbox 1504 1945 1607 1980; x_wconf 89' lang='lat' dir='ltr'><strong>bello</strong></span> <span class='ocrx_word' id='word_1_277' title='bbox 1633 1956 1692 1978; x_wconf 90' lang='lat' dir='ltr'><strong>so-</strong></span> 
     </span>
     <span class='ocr_line' id='line_1_32' title="bbox 231 1993 1691 2039; baseline 0 -13"><span class='ocrx_word' id='word_1_278' title='bbox 231 1993 333 2034; x_wconf 84' lang='lat' dir='ltr'><strong>ciali,</strong></span> <span class='ocrx_word' id='word_1_279' title='bbox 360 1994 478 2031; x_wconf 78' lang='lat' dir='ltr'><strong>Marci</strong></span> <span class='ocrx_word' id='word_1_280' title='bbox 505 1994 641 2037; x_wconf 84' lang='lat' dir='ltr'><strong>Crassi,</strong></span> <span class='ocrx_word' id='word_1_281' title='bbox 675 1994 744 2039; x_wconf 86' lang='lat' dir='ltr'><strong>qui</strong></span> <span class='ocrx_word' id='word_1_282' title='bbox 771 2005 858 2031; x_wconf 84' lang='lat' dir='ltr'><strong>cum</strong></span> <span class='ocrx_word' id='word_1_283' title='bbox 885 1995 1042 2029; x_wconf 83' lang='lat' dir='ltr'><strong>Caesare</strong></span> <span class='ocrx_word' id='word_1_284' title='bbox 1070 2001 1107 2031; x_wconf 82' lang='lat' dir='ltr'><strong>et</strong></span> <span class='ocrx_word' id='word_1_285' title='bbox 1132 1994 1312 2038; x_wconf 85' lang='lat' dir='ltr'><strong>Pompeio</strong></span> <span class='ocrx_word' id='word_1_286' title='bbox 1347 1993 1555 2028; x_wconf 87' lang='lat' dir='ltr'><strong>coitionem</strong></span> <span class='ocrx_word' id='word_1_287' title='bbox 1588 1993 1691 2035; x_wconf 82' lang='lat' dir='ltr'><strong>fecit,</strong></span> 
     </span>
     <span class='ocr_line' id='line_1_33' title="bbox 230 2041 1690 2088; baseline 0.001 -16"><span class='ocrx_word' id='word_1_288' title='bbox 230 2045 351 2085; x_wconf 84' lang='lat' dir='ltr'><strong>pater,</strong></span> <span class='ocrx_word' id='word_1_289' title='bbox 388 2041 429 2074; x_wconf 86' lang='lat' dir='ltr'><strong>in</strong></span> <span class='ocrx_word' id='word_1_290' title='bbox 468 2042 654 2076; x_wconf 87' lang='lat' dir='ltr'><strong>seditione</strong></span> <span class='ocrx_word' id='word_1_291' title='bbox 698 2042 864 2079; x_wconf 79' lang='lat' dir='ltr'><strong>Mariana</strong></span> <span class='ocrx_word' id='word_1_292' title='bbox 899 2055 936 2078; x_wconf 91' lang='lat' dir='ltr'><strong>se</strong></span> <span class='ocrx_word' id='word_1_293' title='bbox 971 2043 1291 2088; x_wconf 57' lang='lat' dir='ltr'><strong>ipse&#39;interfecit.</strong></span> <span class='ocrx_word' id='word_1_294' title='bbox 1332 2042 1416 2077; x_wconf 83' lang='lat' dir='ltr'><strong>Vid.</strong></span> <span class='ocrx_word' id='word_1_295' title='bbox 1455 2041 1615 2086; x_wconf 82' lang='lat' dir='ltr'><strong>Appian.</strong></span> <span class='ocrx_word' id='word_1_296' title='bbox 1654 2045 1690 2082; x_wconf 89' lang='lat'><strong>1,</strong></span> 
     </span>
     <span class='ocr_line' id='line_1_34' title="bbox 227 2090 1694 2136; baseline 0.001 -15"><span class='ocrx_word' id='word_1_297' title='bbox 227 2099 314 2135; x_wconf 82' lang='lat' dir='ltr'><strong>pag.</strong></span> <span class='ocrx_word' id='word_1_298' title='bbox 353 2091 433 2124; x_wconf 86' lang='lat'><strong>635.</strong></span> <span class='ocrx_word' id='word_1_299' title='bbox 469 2090 514 2127; x_wconf 89' lang='lat' dir='ltr'><strong>de</strong></span> <span class='ocrx_word' id='word_1_300' title='bbox 551 2091 653 2125; x_wconf 82' lang='lat' dir='ltr'><strong>Orat.</strong></span> <span class='ocrx_word' id='word_1_301' title='bbox 686 2090 755 2132; x_wconf 87' lang='lat'><strong>111,</strong></span> <span class='ocrx_word' id='word_1_302' title='bbox 790 2093 822 2127; x_wconf 82' lang='lat'><strong>3.</strong></span> <span class='ocrx_word' id='word_1_303' title='bbox 862 2102 935 2136; x_wconf 88' lang='lat' dir='ltr'><strong>pro</strong></span> <span class='ocrx_word' id='word_1_304' title='bbox 962 2090 1075 2125; x_wconf 85' lang='lat' dir='ltr'><strong>Arch.</strong></span> <span class='ocrx_word' id='word_1_305' title='bbox 1103 2103 1135 2124; x_wconf 89' lang='lat' dir='ltr'><strong>c.</strong></span> <span class='ocrx_word' id='word_1_306' title='bbox 1161 2093 1195 2126; x_wconf 86' lang='lat'><strong>5.</strong></span> <span class='ocrx_word' id='word_1_307' title='bbox 1228 2110 1274 2116; x_wconf 90' lang='lat'><strong>—-</strong></span> <span class='ocrx_word' id='word_1_308' title='bbox 1313 2092 1354 2124; x_wconf 78' lang='lat' dir='ltr'><strong>de</strong></span> <span class='ocrx_word' id='word_1_309' title='bbox 1378 2091 1537 2136; x_wconf 84' lang='lat' dir='ltr'><strong>Regillo,</strong></span> <span class='ocrx_word' id='word_1_310' title='bbox 1563 2091 1694 2134; x_wconf 78' lang='lat' dir='ltr'><strong>Lepidi</strong></span> 
     </span>
     <span class='ocr_line' id='line_1_35' title="bbox 221 2136 1693 2184; baseline 0.002 -16"><span class='ocrx_word' id='word_1_311' title='bbox 221 2137 309 2180; x_wconf 79' lang='lat' dir='ltr'><strong>filio</strong></span> <span class='ocrx_word' id='word_1_312' title='bbox 336 2136 361 2170; x_wconf 91' lang='lat' dir='ltr'><strong>i.</strong></span> <span class='ocrx_word' id='word_1_313' title='bbox 390 2149 420 2177; x_wconf 83' lang='lat' dir='ltr'><strong>e.</strong></span> <span class='ocrx_word' id='word_1_314' title='bbox 447 2139 494 2172; x_wconf 83' lang='lat' dir='ltr'><strong>M.</strong></span> <span class='ocrx_word' id='word_1_315' title='bbox 522 2138 679 2177; x_wconf 76' lang='lat' dir='ltr'><strong>Aemilii</strong></span> <span class='ocrx_word' id='word_1_316' title='bbox 705 2138 856 2183; x_wconf 86' lang='lat' dir='ltr'><strong>Lepidi,</strong></span> <span class='ocrx_word' id='word_1_317' title='bbox 893 2139 959 2184; x_wconf 86' lang='lat' dir='ltr'><strong>qui</strong></span> <span class='ocrx_word' id='word_1_318' title='bbox 988 2139 1121 2174; x_wconf 84' lang='lat' dir='ltr'><strong>consul</strong></span> <span class='ocrx_word' id='word_1_319' title='bbox 1155 2139 1231 2173; x_wconf 86' lang='lat' dir='ltr'><strong>fuit</strong></span> <span class='ocrx_word' id='word_1_320' title='bbox 1264 2150 1350 2174; x_wconf 87' lang='lat' dir='ltr'><strong>cum</strong></span> <span class='ocrx_word' id='word_1_321' title='bbox 1378 2138 1417 2181; x_wconf 74' lang='lat' dir='ltr'><strong>Q.</strong></span> <span class='ocrx_word' id='word_1_322' title='bbox 1444 2138 1597 2172; x_wconf 84' lang='lat' dir='ltr'><strong>Lutatio</strong></span> <span class='ocrx_word' id='word_1_323' title='bbox 1623 2137 1693 2172; x_wconf 86' lang='lat' dir='ltr'><strong>Ca·</strong></span> 
     </span>
     <span class='ocr_line' id='line_1_36' title="bbox 228 2184 719 2224; baseline 0.006 -5"><span class='ocrx_word' id='word_1_324' title='bbox 228 2184 313 2219; x_wconf 82' lang='lat' dir='ltr'><strong>tulo</strong></span> <span class='ocrx_word' id='word_1_325' title='bbox 340 2196 371 2218; x_wconf 83' lang='lat' dir='ltr'><strong>a.</strong></span> <span class='ocrx_word' id='word_1_326' title='bbox 399 2188 478 2221; x_wconf 83' lang='lat'><strong>676.</strong></span> <span class='ocrx_word' id='word_1_327' title='bbox 510 2187 719 2224; x_wconf 83' lang='lat' dir='ltr'><strong>CORRAD.</strong></span> 
     </span>
    </p>

    <p class='ocr_par' dir='ltr' id='par_1_11' title="bbox 228 2233 1694 2611">
     <span class='ocr_line' id='line_1_37' title="bbox 324 2233 1691 2279; baseline -0.001 -12"><span class='ocrx_word' id='word_1_328' title='bbox 324 2234 358 2268; x_wconf 88' lang='grc'><strong>3.</strong></span> <span class='ocrx_word' id='word_1_329' title='bbox 413 2235 590 2279; x_wconf 79' lang='lat' dir='ltr'><strong>Cz’spiczna</strong></span> <span class='ocrx_word' id='word_1_330' title='bbox 617 2240 653 2268; x_wconf 77' lang='lat' dir='ltr'><strong>et</strong></span> <span class='ocrx_word' id='word_1_331' title='bbox 679 2235 855 2273; x_wconf 78' lang='lat' dir='ltr'><strong>Preciana</strong></span> <span class='ocrx_word' id='word_1_332' title='bbox 882 2235 1036 2270; x_wconf 86' lang='lat' dir='ltr'><strong>nomina</strong></span> <span class='ocrx_word' id='word_1_333' title='bbox 1061 2233 1098 2269; x_wconf 90' lang='lat' dir='ltr'><strong>h.</strong></span> <span class='ocrx_word' id='word_1_334' title='bbox 1126 2246 1156 2269; x_wconf 86' lang='lat' dir='ltr'><strong>e.</strong></span> <span class='ocrx_word' id='word_1_335' title='bbox 1185 2234 1350 2269; x_wconf 72' lang='lat' dir='ltr'><strong>debitam</strong></span> <span class='ocrx_word' id='word_1_336' title='bbox 1376 2233 1479 2267; x_wconf 85' lang='lat' dir='ltr'><strong>mihi</strong></span> <span class='ocrx_word' id='word_1_337' title='bbox 1513 2245 1533 2267; x_wconf 93' lang='lat' dir='ltr'><strong>a</strong></span> <span class='ocrx_word' id='word_1_338' title='bbox 1560 2233 1691 2277; x_wconf 89' lang='lat' dir='ltr'><strong>Cispio</strong></span> 
     </span>
     <span class='ocr_line' id='line_1_38' title="bbox 231 2280 1692 2327; baseline 0.002 -13"><span class='ocrx_word' id='word_1_339' title='bbox 231 2284 270 2314; x_wconf 79' lang='lat' dir='ltr'><strong>et</strong></span> <span class='ocrx_word' id='word_1_340' title='bbox 294 2280 428 2315; x_wconf 85' lang='lat' dir='ltr'><strong>Precio</strong></span> <span class='ocrx_word' id='word_1_341' title='bbox 454 2282 674 2327; x_wconf 86' lang='lat' dir='ltr'><strong>pecuniam.</strong></span> <span class='ocrx_word' id='word_1_342' title='bbox 695 2280 779 2318; x_wconf 66' lang='lat' dir='ltr'><strong>&#39;Cfn</strong></span> <span class='ocrx_word' id='word_1_343' title='bbox 808 2283 911 2316; x_wconf 79' lang='lat' dir='ltr'><strong>infra</strong></span> <span class='ocrx_word' id='word_1_344' title='bbox 937 2283 982 2318; x_wconf 82' lang='lat' dir='ltr'><strong>ad</strong></span> <span class='ocrx_word' id='word_1_345' title='bbox 1009 2283 1121 2316; x_wconf 77' lang='lat' dir='ltr'><strong>Attio.</strong></span> <span class='ocrx_word' id='word_1_346' title='bbox 1151 2283 1256 2325; x_wconf 82' lang='lat' dir='ltr'>XIII,</span> <span class='ocrx_word' id='word_1_347' title='bbox 1283 2286 1341 2324; x_wconf 86' lang='lat'><strong>33,</strong></span> <span class='ocrx_word' id='word_1_348' title='bbox 1368 2284 1392 2317; x_wconf 84' lang='lat'><strong>2</strong></span> <span class='ocrx_word' id='word_1_349' title='bbox 1418 2282 1472 2321; x_wconf 87' lang='lat' dir='ltr'><strong>(h.</strong></span> <span class='ocrx_word' id='word_1_350' title='bbox 1502 2282 1557 2316; x_wconf 89' lang='lat' dir='ltr'><strong>ed.</strong></span> <span class='ocrx_word' id='word_1_351' title='bbox 1584 2283 1692 2323; x_wconf 87' lang='lat'>593):</span> 
     </span>
     <span class='ocr_line' id='line_1_39' title="bbox 229 2328 1693 2377; baseline 0 -15"><span class='ocrx_word' id='word_1_352' title='bbox 229 2328 271 2369; x_wconf 73' lang='lat' dir='ltr'><strong>de</strong></span> <span class='ocrx_word' id='word_1_353' title='bbox 308 2333 451 2366; x_wconf 76' lang='lat' dir='ltr'><strong>nomine</strong></span> <span class='ocrx_word' id='word_1_354' title='bbox 488 2334 529 2362; x_wconf 75' lang='grc' dir='ltr'><strong>ἰιι</strong></span> <span class='ocrx_word' id='word_1_355' title='bbox 565 2332 698 2365; x_wconf 76' lang='lat' dir='ltr'><strong>videbis</strong></span> <span class='ocrx_word' id='word_1_356' title='bbox 735 2343 813 2364; x_wconf 83' lang='lat' dir='ltr'><strong>cum</strong></span> <span class='ocrx_word' id='word_1_357' title='bbox 854 2332 990 2377; x_wconf 79' lang='lat' dir='ltr'><strong>Cispio.</strong></span> <span class='ocrx_word' id='word_1_358' title='bbox 1031 2332 1172 2370; x_wconf 79' lang='lat' dir='ltr'><strong>Manut.</strong></span> <span class='ocrx_word' id='word_1_359' title='bbox 1221 2331 1376 2370; x_wconf 82' lang='lat' dir='ltr'><strong>„meine</strong></span> <span class='ocrx_word' id='word_1_360' title='bbox 1415 2329 1693 2364; x_wconf 86' lang='lat' dir='ltr'><strong>Schuldforde·</strong></span> 
     </span>
     <span class='ocr_line' id='line_1_40' title="bbox 231 2377 1692 2425; baseline 0 -15"><span class='ocrx_word' id='word_1_361' title='bbox 231 2388 334 2422; x_wconf 80' lang='lat' dir='ltr'><strong>rung·</strong></span> <span class='ocrx_word' id='word_1_362' title='bbox 371 2388 419 2409; x_wconf 88' lang='lat' dir='ltr'><strong>an</strong></span> <span class='ocrx_word' id='word_1_363' title='bbox 458 2377 608 2421; x_wconf 88' lang='lat' dir='ltr'><strong>Cispius</strong></span> <span class='ocrx_word' id='word_1_364' title='bbox 646 2378 723 2411; x_wconf 90' lang='lat' dir='ltr'><strong>und</strong></span> <span class='ocrx_word' id='word_1_365' title='bbox 761 2379 915 2412; x_wconf 87' lang='lat' dir='ltr'><strong>Precius</strong></span> <span class='ocrx_word' id='word_1_366' title='bbox 952 2379 1061 2413; x_wconf 83' lang='lat' dir='ltr'><strong>wirst</strong></span> <span class='ocrx_word' id='word_1_367' title='bbox 1099 2379 1158 2411; x_wconf 86' lang='lat' dir='ltr'><strong>Du</strong></span> <span class='ocrx_word' id='word_1_368' title='bbox 1196 2380 1289 2411; x_wconf 83' lang='lat' dir='ltr'><strong>auf&#39;s</strong></span> <span class='ocrx_word' id='word_1_369' title='bbox 1327 2379 1445 2412; x_wconf 83' lang='lat' dir='ltr'><strong>Reine</strong></span> <span class='ocrx_word' id='word_1_370' title='bbox 1484 2377 1692 2425; x_wconf 49' lang='lat' dir='ltr'><strong>bring-eust(</strong></span> 
     </span>
     <span class='ocr_line' id='line_1_41' title="bbox 231 2425 1694 2470; baseline -0.002 -10"><span class='ocrx_word' id='word_1_371' title='bbox 231 2425 279 2458; x_wconf 85' lang='lat' dir='ltr'><strong>In</strong></span> <span class='ocrx_word' id='word_1_372' title='bbox 307 2425 376 2458; x_wconf 83' lang='lat' dir='ltr'><strong>der</strong></span> <span class='ocrx_word' id='word_1_373' title='bbox 404 2425 562 2460; x_wconf 77' lang='lat' dir='ltr'><strong>Verriu-</strong></span> <span class='ocrx_word' id='word_1_374' title='bbox 598 2426 642 2467; x_wconf 82' lang='lat' dir='ltr'><strong>V,</strong></span> <span class='ocrx_word' id='word_1_375' title='bbox 683 2429 729 2462; x_wconf 84' lang='lat'><strong>62</strong></span> <span class='ocrx_word' id='word_1_376' title='bbox 765 2427 865 2460; x_wconf 77' lang='lat' dir='ltr'><strong>wird</strong></span> <span class='ocrx_word' id='word_1_377' title='bbox 904 2427 969 2460; x_wconf 89' lang='lat' dir='ltr'><strong>ein</strong></span> <span class='ocrx_word' id='word_1_378' title='bbox 997 2427 1038 2459; x_wconf 77' lang='lat' dir='ltr'><strong>L.</strong></span> <span class='ocrx_word' id='word_1_379' title='bbox 1067 2428 1220 2461; x_wconf 83' lang='lat' dir='ltr'><strong>Precius</strong></span> <span class='ocrx_word' id='word_1_380' title='bbox 1258 2427 1312 2460; x_wconf 83' lang='lat' dir='ltr'><strong>als</strong></span> <span class='ocrx_word' id='word_1_381' title='bbox 1354 2438 1466 2470; x_wconf 85' lang='lat' dir='ltr'><strong>eques</strong></span> <span class='ocrx_word' id='word_1_382' title='bbox 1503 2426 1694 2460; x_wconf 81' lang='lat' dir='ltr'><strong>Romanus</strong></span> 
     </span>
     <span class='ocr_line' id='line_1_42' title="bbox 231 2472 1693 2520; baseline 0.001 -15"><span class='ocrx_word' id='word_1_383' title='bbox 231 2484 268 2508; x_wconf 91' lang='lat' dir='ltr'><strong>u.</strong></span> <span class='ocrx_word' id='word_1_384' title='bbox 297 2472 518 2520; x_wconf 76' lang='lat' dir='ltr'><strong>negotiator</strong></span> <span class='ocrx_word' id='word_1_385' title='bbox 531 2474 822 2507; x_wconf 83' lang='lat' dir='ltr'><strong>Panormitanus</strong></span> <span class='ocrx_word' id='word_1_386' title='bbox 849 2475 1037 2514; x_wconf 70' lang='lat' dir='ltr'><strong>erw&#39;zihnt,</strong></span> <span class='ocrx_word' id='word_1_387' title='bbox 1065 2494 1112 2500; x_wconf 89' lang='lat'>—</span> <span class='ocrx_word' id='word_1_388' title='bbox 1140 2478 1276 2519; x_wconf 77' lang='lat' dir='ltr'><strong>optime</strong></span> <span class='ocrx_word' id='word_1_389' title='bbox 1303 2486 1393 2514; x_wconf 87' lang='lat' dir='ltr'><strong>esse,</strong></span> <span class='ocrx_word' id='word_1_390' title='bbox 1420 2474 1496 2508; x_wconf 87' lang='lat' dir='ltr'><strong>wie</strong></span> <span class='ocrx_word' id='word_1_391' title='bbox 1525 2486 1582 2518; x_wconf 87' lang='lat' dir='ltr'><strong>ep.</strong></span> <span class='ocrx_word' id='word_1_392' title='bbox 1610 2474 1693 2514; x_wconf 72' lang='lat'><strong>5¹41,</strong></span> 
     </span>
     <span class='ocr_line' id='line_1_43' title="bbox 229 2521 1691 2570; baseline 0.002 -18"><span class='ocrx_word' id='word_1_393' title='bbox 229 2521 254 2559; x_wconf 84' lang='lat'>2</span> <span class='ocrx_word' id='word_1_394' title='bbox 279 2527 373 2555; x_wconf 74' lang='lat' dir='ltr'><strong>recte</strong></span> <span class='ocrx_word' id='word_1_395' title='bbox 400 2533 469 2554; x_wconf 80' lang='lat' dir='ltr'><strong>esse</strong></span> <span class='ocrx_word' id='word_1_396' title='bbox 496 2522 657 2566; x_wconf 83' lang='lat' dir='ltr'><strong>confido,</strong></span> <span class='ocrx_word' id='word_1_397' title='bbox 685 2522 787 2566; x_wconf 83' lang='lat' dir='ltr'><strong>quod</strong></span> <span class='ocrx_word' id='word_1_398' title='bbox 813 2523 936 2557; x_wconf 85' lang='lat' dir='ltr'><strong>levius</strong></span> <span class='ocrx_word' id='word_1_399' title='bbox 964 2524 1040 2556; x_wconf 86' lang='lat' dir='ltr'><strong>iam</strong></span> <span class='ocrx_word' id='word_1_400' title='bbox 1067 2529 1266 2570; x_wconf 80' lang='lat' dir='ltr'><strong>aegrotare</strong></span> <span class='ocrx_word' id='word_1_401' title='bbox 1293 2522 1494 2568; x_wconf 86' lang='lat' dir='ltr'><strong>scripsisti.</strong></span> <span class='ocrx_word' id='word_1_402' title='bbox 1521 2522 1610 2569; x_wconf 84' lang='lat' dir='ltr'><strong>Vgl.</strong></span> <span class='ocrx_word' id='word_1_403' title='bbox 1633 2532 1691 2567; x_wconf 48' lang='lat' dir='ltr'><strong>ep·</strong></span> 
     </span>
     <span class='ocr_line' id='line_1_44' title="bbox 228 2570 892 2611; baseline -0.002 -7"><span class='ocrx_word' id='word_1_404' title='bbox 228 2570 311 2610; x_wconf 86' lang='lat'><strong>529,</strong></span> <span class='ocrx_word' id='word_1_405' title='bbox 340 2572 373 2603; x_wconf 87' lang='lat'><strong>1.</strong></span> <span class='ocrx_word' id='word_1_406' title='bbox 408 2570 490 2611; x_wconf 86' lang='grc'>530,</span> <span class='ocrx_word' id='word_1_407' title='bbox 519 2572 555 2605; x_wconf 66' lang='lat' dir='ltr'><strong>ll.</strong></span> <span class='ocrx_word' id='word_1_408' title='bbox 587 2571 658 2605; x_wconf 60' lang='lat'><strong>534</strong></span> <span class='ocrx_word' id='word_1_409' title='bbox 683 2582 743 2606; x_wconf 81' lang='lat' dir='ltr'><strong>am</strong></span> <span class='ocrx_word' id='word_1_410' title='bbox 769 2570 892 2604; x_wconf 89' lang='lat' dir='ltr'><strong>Ende.</strong></span> 
     </span>
    </p>

    <p class='ocr_par' dir='ltr' id='par_1_12' title="bbox 231 2616 1695 2759">
     <span class='ocr_line' id='line_1_45' title="bbox 328 2616 1692 2662; baseline -0.001 -11"><span class='ocrx_word' id='word_1_411' title='bbox 328 2620 360 2651; x_wconf 91' lang='lat'><strong>1.</strong></span> <span class='ocrx_word' id='word_1_412' title='bbox 411 2618 527 2650; x_wconf 76' lang='lat' dir='ltr'><strong>Sicca.</strong></span> <span class='ocrx_word' id='word_1_413' title='bbox 571 2617 606 2651; x_wconf 92' lang='lat' dir='ltr'><strong>S.</strong></span> <span class='ocrx_word' id='word_1_414' title='bbox 635 2629 694 2662; x_wconf 83' lang='lat' dir='ltr'><strong>ep.</strong></span> <span class='ocrx_word' id='word_1_415' title='bbox 721 2620 801 2659; x_wconf 69' lang='lat'><strong>541,</strong></span> <span class='ocrx_word' id='word_1_416' title='bbox 827 2621 860 2653; x_wconf 89' lang='grc'><strong>3.</strong></span> <span class='ocrx_word' id='word_1_417' title='bbox 897 2637 945 2642; x_wconf 94' lang='grc'>-</span> <span class='ocrx_word' id='word_1_418' title='bbox 979 2619 1020 2651; x_wconf 83' lang='lat' dir='ltr'><strong>de</strong></span> <span class='ocrx_word' id='word_1_419' title='bbox 1047 2619 1146 2652; x_wconf 82' lang='lat' dir='ltr'><strong>Silio.</strong></span> <span class='ocrx_word' id='word_1_420' title='bbox 1185 2617 1221 2652; x_wconf 88' lang='lat' dir='ltr'><strong>S.</strong></span> <span class='ocrx_word' id='word_1_421' title='bbox 1249 2620 1330 2654; x_wconf 89' lang='grc'>533.</span> <span class='ocrx_word' id='word_1_422' title='bbox 1357 2631 1389 2660; x_wconf 88' lang='lat' dir='ltr'><strong>a,</strong></span> <span class='ocrx_word' id='word_1_423' title='bbox 1416 2619 1450 2653; x_wconf 87' lang='lat'><strong>2.</strong></span> <span class='ocrx_word' id='word_1_424' title='bbox 1488 2616 1692 2651; x_wconf 79' lang='lat' dir='ltr'><strong>besonders</strong></span> 
     </span>
     <span class='ocr_line' id='line_1_46' title="bbox 231 2665 1691 2746; baseline 0 -49"><span class='ocrx_word' id='word_1_425' title='bbox 231 2675 289 2710; x_wconf 80' lang='lat' dir='ltr'><strong>ep.</strong></span> <span class='ocrx_word' id='word_1_426' title='bbox 316 2667 399 2707; x_wconf 66' lang='lat'><strong>541,</strong></span> <span class='ocrx_word' id='word_1_427' title='bbox 426 2667 448 2699; x_wconf 88' lang='lat'><strong>3</strong></span> <span class='ocrx_word' id='word_1_428' title='bbox 475 2677 535 2698; x_wconf 86' lang='lat' dir='ltr'><strong>am</strong></span> <span class='ocrx_word' id='word_1_429' title='bbox 561 2665 683 2701; x_wconf 82' lang='lat' dir='ltr'><strong>Ende.</strong></span> <span class='ocrx_word' id='word_1_430' title='bbox 711 2683 755 2690; x_wconf 97' lang='lat'><strong>—</strong></span> <span class='ocrx_word' id='word_1_431' title='bbox 790 2666 840 2698; x_wconf 82' lang='grc' dir='ltr'><strong>αᾱ</strong></span> <span class='ocrx_word' id='word_1_432' title='bbox 865 2668 1136 2704; x_wconf 72' lang='grc' dir='ltr'><strong>ίε..εῑεΐιιῖίεεε·,</strong></span> <span class='ocrx_word' id='word_1_433' title='bbox 1174 2666 1215 2699; x_wconf 86' lang='lat' dir='ltr'><strong>in</strong></span> <span class='ocrx_word' id='word_1_434' title='bbox 1242 2668 1365 2702; x_wconf 87' lang='lat' dir='ltr'><strong>Deine</strong></span> <span class='ocrx_word' id='word_1_435' title='bbox 1391 2665 1521 2700; x_wconf 66' lang='lat' dir='ltr'><strong>H&#39;ainde</strong></span> <span class='ocrx_word' id='word_1_436' title='bbox 1547 2665 1691 2746; x_wconf 50' lang='grc' dir='ltr'><strong>ἱείρςῒ.</strong></span> 
     </span>
     <span class='ocr_line' id='line_1_47' title="bbox 232 2711 1695 2759; baseline -0.002 -12"><span class='ocrx_word' id='word_1_437' title='bbox 232 2731 274 2739; x_wconf 92' lang='grc'><strong>-</strong></span> <span class='ocrx_word' id='word_1_438' title='bbox 302 2725 367 2754; x_wconf 77' lang='lat' dir='ltr'><strong>res,</strong></span> <span class='ocrx_word' id='word_1_439' title='bbox 406 2712 512 2747; x_wconf 83' lang='lat' dir='ltr'><strong>horti</strong></span> <span class='ocrx_word' id='word_1_440' title='bbox 541 2711 629 2759; x_wconf 83' lang='lat' dir='ltr'><strong>ipsi,</strong></span> <span class='ocrx_word' id='word_1_441' title='bbox 666 2724 760 2759; x_wconf 82' lang='lat' dir='ltr'><strong>quos</strong></span> <span class='ocrx_word' id='word_1_442' title='bbox 786 2712 904 2748; x_wconf 87' lang='lat' dir='ltr'><strong>Silius</strong></span> <span class='ocrx_word' id='word_1_443' title='bbox 930 2715 1097 2749; x_wconf 84' lang='lat' dir='ltr'><strong>vendere</strong></span> <span class='ocrx_word' id='word_1_444' title='bbox 1124 2714 1220 2749; x_wconf 85' lang='lat' dir='ltr'><strong>vult.</strong></span> <span class='ocrx_word' id='word_1_445' title='bbox 1263 2735 1301 2745; x_wconf 83' lang='lat'>-</span> <span class='ocrx_word' id='word_1_446' title='bbox 1343 2716 1517 2755; x_wconf 79' lang='lat' dir='ltr'><strong>conditio,</strong></span> <span class='ocrx_word' id='word_1_447' title='bbox 1589 2712 1695 2747; x_wconf 89' lang='lat' dir='ltr'><strong>edin-</strong></span> 
     </span>
    </p>
   </div>
   <div class='ocr_carea' id='block_1_8' title="bbox 1749 0 1795 2875">
    <p class='ocr_par' dir='ltr' id='par_1_13' title="bbox 1749 0 1795 2875">
     <span class='ocr_line' id='line_1_48' title="bbox 1749 0 1795 2875; baseline 0 0"><span class='ocrx_word' id='word_1_448' title='bbox 1749 0 1795 2875; x_wconf 95' lang='lat' dir='ltr'><strong> </strong></span> 
     </span>
    </p>
   </div>
  </div>
 </body>
</html>
