1795 3081
210 81 308 127 314
476 79 540 127 Μ.
577 79 631 127 Τ.
668 74 1015 127 CICERONIS
1050 77 1432 129 EPISTOLAE.

163 200 276 243 2hi1
306 201 458 255 magis.
517 198 605 239 Sed
633 212 774 252 neque
804 199 917 238 hanc
947 198 1229 240 venditumm
1259 208 1380 255 puto.
1423 203 1682 245 Delectatur

211 257 329 295 enim
359 262 403 295 et
433 256 611 308 copiosa
641 261 729 294 est:
769 262 812 295 et
842 254 955 294 illud
993 256 1184 295 alterum
1222 271 1352 309 quam
1391 259 1449 298 sit
1486 258 1682 311 difficile,

207 318 254 351 te
284 324 372 349 non
403 312 531 365 fugit.
589 310 692 361 Sed,
723 311 924 361 obsecro,
957 312 1192 362 enitamur,
1236 319 1287 352 ut
1324 314 1497 366 aliquid
1534 315 1590 354 ad
1619 315 1680 366 id,

166 365 329 419 3quod
367 369 516 420 cupio,
566 368 878 422 excogitemus.
947 367 1039 419 Ego
1078 380 1148 406 me
1188 367 1293 406 hinc
1332 369 1551 422 postridie
1588 372 1679 410 exi—

209 429 363 461 turum
394 428 525 475 puto,
569 421 645 461 sed
686 429 762 460 aut
798 424 844 460 in
875 421 1178 461 Tusculanum
1217 429 1294 463 aut
1331 424 1539 474 domum3
1579 425 1680 465 inde

205 479 396 516 fortasse
423 477 655 529 Arpinum.
715 478 859 529 Quum
899 484 1070 516 certum
1107 479 1267 528 sciero,
1308 481 1501 519 scribam
1539 480 1594 520 ad
1624 487 1679 521 te.

205 532 408 572 Venerat
437 533 548 570 mihi
579 534 625 571 in
656 539 846 572 mentem
875 546 1056 572 monere
1100 539 1159 583 te,
1202 539 1253 572 ut
1282 534 1329 574 id
1358 537 1516 588 ipsum,
1561 536 1677 588 quod

204 590 331 638 facis,
363 592 543 628 faceres.
602 589 815 627 Putabam
845 590 961 628 enirn
1004 587 1279 628 commodius
1316 596 1362 630 te
1401 590 1518 630 idem
1559 591 1677 631 istud

203 643 328 683 domi
357 656 489 700 agere
519 657 655 697 posse,
688 645 1050 697 interpellatione
1080 644 1267 684 sublata.

346 782 669 832 EPISTOLA
703 783 978 832 DLXXIII.
1033 784 1117 842 (ad
1150 785 1254 832 Att.
1290 784 1399 836 XlI.
1435 788 1535 845 43.)

349 872 430 907 scr.
457 872 498 905 in
525 872 671 906 Antiati
698 873 748 908 v.
776 873 832 906 ld.
860 873 944 906 Iun.
973 873 1015 906 A.
1043 875 1087 908 U.
1116 874 1156 908 c.
1183 877 1264 911 709.
1312 877 1359 918 (a.
1389 877 1427 910 c.
1455 878 1531 917 45.)

202 947 259 980 De
286 945 426 980 itinere
451 956 529 981 suo.
557 949 591 980 1.
627 945 673 979 de
699 944 822 978 hortis
848 945 913 978 vel
940 944 1096 979 Clodiae
1121 946 1186 980 vel
1212 947 1396 982 Trebonii
1424 949 1603 983 emendis.
1639 952 1672 984 2„

700 1016 881 1050 CICERO
919 1016 1099 1052 ATTICO
1134 1018 1170 1053 S.

312 1092 403 1147 Ego
447 1089 666 1144 postridie
707 1089 824 1140 Idus,
863 1096 913 1129 ut
947 1091 1104 1143 scripsi
1145 1090 1200 1129 ad
1238 1098 1281 1131 te
1320 1099 1436 1143 ante,
1482 1094 1673 1133 Lanuvii

200 1161 380 1186 manere
433 1147 668 1193 constitui3
712 1145 814 1184 inde
866 1152 943 1184 aut
986 1146 1147 1185 Romae
1192 1153 1268 1186 aut
1310 1149 1355 1187 in
1403 1148 1669 1189 Tusculano.

200 1203 322 1242 Scies
354 1208 454 1242 ante
483 1208 738 1253 utrumque.
796 1199 827 1251 †
857 1200 986 1253 Quod
1010 1202 1127 1254 siles,
1160 1209 1280 1242 recte
1302 1204 1412 1242 mihi
1431 1205 1554 1243 illam
1578 1219 1671 1244 rem

200 1261 298 1297 sore
329 1260 596 1306 levamento,
627 1256 737 1295 bene
768 1258 904 1305 facis3
935 1263 1028 1296 tum
1058 1256 1104 1295 id
1135 1264 1214 1308 est,
1252 1259 1363 1297 mihi
1395 1259 1541 1310 crede,
1572 1274 1670 1312 per—

198 1312 319 1364 inde,
364 1319 414 1352 ut
453 1313 709 1351 existimare
748 1318 798 1350 tu
838 1326 926 1350 non
962 1318 1100 1365 potes.
1160 1312 1245 1352 Res
1283 1314 1467 1365 indicat,
1508 1322 1670 1368 quanto

199 1382 335 1422 opere
365 1367 412 1408 id
452 1369 641 1421 cupiam,
683 1381 817 1420 quum
853 1368 939 1406 tibi
975 1367 1158 1407 audeam
1198 1369 1414 1420 confiteri,
1460 1384 1588 1423 quem
1626 1370 1671 1409 id

198 1438 289 1464 non
319 1426 382 1464 ita
410 1423 541 1464 valde
563 1423 757 1477 probare
773 1423 984 1463 arbitrer.
1043 1422 1131 1463 Sed
1160 1424 1366 1463 ferendus
1395 1426 1480 1464 tibi
1509 1427 1555 1464 in
1586 1427 1669 1464 hoc

294 1553 328 1587 2.
379 1552 595 1585 Delectatur
618 1550 754 1584 hortis.
782 1569 825 1575 —
853 1553 1013 1595 copiosa,
1040 1551 1163 1585 reich.
1200 1571 1248 1577 —
1281 1554 1378 1586 illud
1400 1555 1556 1586 alterum
1583 1565 1669 1597 per-

198 1601 298 1635 tinet
323 1599 370 1633 ad
396 1600 560 1633 Othonis
585 1598 728 1633 hortos.
754 1617 802 1624 --
828 1601 879 1632 ad
902 1601 943 1632 z'cl
965 1600 1253 1643 assequendum,
1281 1601 1383 1644 quod
1409 1601 1534 1645 cupio.

294 1652 329 1684 3.
380 1650 572 1693 postridie,
598 1648 674 1681 wie
701 1659 759 1691 ep.
786 1646 930 1689 DLXX,
959 1650 990 1680 1.
1019 1665 1063 1672 ·-·
1090 1650 1247 1687 domum,
1273 1648 1444 1682 Romam.
1481 1668 1528 1673 —
1567 1653 1605 1681 ut
1631 1651 1671 1681 id

196 1700 342 1743 ipsum.
360 1723 368 1730 .
385 1697 548 1741 .faceres
574 1696 600 1729 i.
629 1707 661 1729 e.
690 1701 733 1727 ut
760 1707 778 1728 e
804 1695 1019 1729 suburbano
1057 1695 1099 1728 in
1133 1696 1267 1729 urbem
1296 1697 1445 1731 redires
1473 1697 1603 1741 ibique
1631 1701 1666 1729 te

197 1746 303 1779 domi
330 1745 498 1778 rationes
525 1749 608 1776 tuas
635 1745 877 1776 confecturus
904 1743 1137 1785 includeres,
1166 1745 1334 1787 nemine,
1370 1745 1436 1789 qui
1468 1750 1506 1778 te
1545 1746 1667 1778 inter-

195 1795 413 1840 pellaturus
441 1797 549 1833 esset,
574 1791 750 1825 admisso.
780 1792 883 1824 SCH.
918 1792 1009 1839 Vgl.
1038 1803 1094 1836 ep.
1121 1795 1204 1830 574,
1230 1797 1263 1828 3.

295 1870 327 1902 1.
376 1867 559 1911 postridie
584 1864 683 1903 Idus,
717 1875 778 1896 am
814 1866 873 1898 14.
905 1883 953 1888 —
990 1869 1100 1907 ante‚·
1139 1865 1247 1909 epist.
1274 1864 1416 1905 DLXX,
1446 1868 1477 1900 1.
1512 1884 1558 1890 -—
1591 1878 1667 1899 ma-

195 1926 292 1956 nere,
338 1927 386 1947 zu
423 1912 698 1947 iibernachten.
738 1930 785 1936 —
832 1918 1038 1959 utrumque,
1084 1913 1253 1947 welches
1298 1925 1373 1946 von
1416 1913 1554 1947 beiden
1599 1914 1666 1947 der
1704 1923 1707 1926 ⁴

196 1964 284 1998 Fall
320 1963 401 1996 sein
439 1962 554 1995 wird.
593 1979 641 1985 —-
682 1961 706 2002 †
736 1962 840 2004 Quod
870 1963 1116 1995 siles...hene
1141 1961 1258 2004 facis.
1296 1962 1420 1995 Locus
1448 1967 1662 2006 corruptus.

195 2012 258 2046 Sic
286 2012 351 2047 Cd.
380 2012 535 2044 Decurt.
563 2009 646 2043 Bos.
675 2009 812 2042 Graev.
853 2011 948 2043 Item
983 2009 1076 2043 Ern.
1116 2009 1204 2042 sch.
1244 2010 1364 2050 Liin.;
1404 2009 1469 2042 sed
1507 2009 1547 2041 hi
1592 2009 1663 2044 del.

196 2066 293 2097 recte
317 2071 403 2092 cum
430 2059 538 2092 Rom.
576 2060 646 2092 OR.
681 2059 764 2091 hene
790 2058 856 2090 hat
883 2058 938 2091 als
966 2057 1099 2090 Glosse
1127 2057 1188 2090 die
1215 2057 1335 2092 Sta-lle
1362 2068 1437 2090 von
1463 2064 1556 2091 recte
1584 2058 1665 2091 ein—

227 2119 440 2142 enonnnen.
491 2106 613 2140 Sinn:
656 2106 774 2147 „Dass
808 2106 867 2138 Du
905 2117 1029 2153 gegen
1055 2106 1138 2146 Die,
1174 2105 1245 2138 mit
1279 2105 1460 2140 welchen
1488 2107 1547 2139 Du
1574 2106 1666 2139 iiber

195 2121 273 2190 {en
299 2155 455 2189 Ankauf
479 2154 583 2188 eines
609 2153 725 2187 Parks
763 2155 827 2186 fiir
861 2153 967 2186 mich
994 2153 1297 2193 untcrhandelst,
1333 2154 1460 2187 meiue
1488 2154 1665 2201 eigentli-

196 2204 268 2238 che
295 2203 454 2238 Absicht
480 2203 559 2236 und
584 2203 661 2236 wie
688 2202 817 2235 vielen
842 2202 955 2235 Trost
981 2201 1046 2234 ich
1074 2201 1196 2233 durch
1223 2202 1284 2235 die
1305 2201 1553 2250 Erreichung
1579 2202 1664 2236 der-

196 2253 326 2287 selben
364 2251 573 2299 gewinnen
607 2250 753 2291 wiirde,
791 2249 975 2297 gkinzlich
1000 2248 1290 2297 verschweigst‚
1325 2250 1441 2283 daran
1473 2249 1578 2282 thust
1604 2250 1664 2283 Du

195 2313 257 2334 am
282 2299 517 2334 Sichersten.
568 2300 678 2333 Denn
714 2298 766 2331 sie
801 2298 978 2337 wiirden,
1020 2309 1137 2331 wenn
1176 2298 1230 2331 sie
1258 2300 1436 2339 xvstssten,
1475 2298 1552 2332 wie
1579 2298 1663 2331 Viel

196 2349 274 2382 mir
306 2361 353 2382 an
387 2347 475 2381 dem
510 2347 658 2381 Besitze
695 2347 892 2380 desselben
929 2346 1094 2394 gelegen
1125 2348 1241 2387 w'zire,
1286 2346 1359 2379 den
1384 2346 1488 2379 Preis
1524 2358 1586 2378 um
1623 2357 1663 2379 so

196 2396 323 2430 hohet·
356 2395 505 2430 stellen.
549 2415 588 2420 —
629 2400 905 2439 tum...p0tes.
944 2395 1047 2428 Haec
1090 2405 1243 2438 quoque
1286 2394 1429 2427 leviter·
1467 2398 1659 2438 corrupta.

197 2446 288 2492 Leg.
316 2445 380 2477 vel
405 2449 527 2477 tamen
552 2443 616 2477 vel
642 2456 871 2488 quamquam.
901 2444 975 2477 ΟΒ.
1003 2442 1122 2476 Sinn:
1149 2442 1418 2489 „gleichwohl
1440 2441 1575 2475 wiirde
1602 2441 1662 2475 die

197 2492 446 2540 Errichtung
473 2492 577 2525 eines
611 2490 768 2525 solchen
794 2491 1005 2525 Denkmals
1040 2490 1108 2523 der
1132 2490 1262 2522 Tullia
1295 2490 1373 2522 mir
1399 2502 1447 2523 zu
1474 2490 1596 2523 einem
1622 2500 1661 2521 so

197 2552 356 2586 grossen
371 2540 506 2573 Troste
521 2539 742 2586 gereichen,
758 2540 832 2573 wie
851 2540 911 2572 Du
924 2539 995 2572 Dir
1010 2537 1243 2571 schwerlich
1262 2538 1473 2572 vol-stellen
1489 2538 1661 2571 kannst.“

198 2589 298 2623 Eine
325 2588 584 2636 Einlenkung
609 2599 679 2620 zur
705 2589 967 2634 Erneuerung
1000 2587 1124 2620 seiner
1151 2585 1262 2619 Bitte.
1303 2605 1343 2610 —
1378 2599 1451 2619 non
1477 2589 1534 2619 ita
1559 2587 1661 2619 valde

197 2639 362 2680 probare.
423 2637 570 2670 Darauf
601 2636 715 2681 spielt
744 2636 879 2669 Cicero
919 2635 971 2668 im
1006 2634 1169 2681 vorigen
1196 2634 1324 2667 Briefe
1350 2647 1417 2667 an:
1463 2633 1660 2679 intellige-

198 2685 281 2717 bam
310 2684 411 2717 nihil
437 2684 564 2725 fuisse,
601 2684 703 2729 quod
736 2684 958 2717 scriberes.“
1011 2683 1166 2716 Auikus
1201 2693 1283 2715 war
1308 2694 1346 2715 es
1372 2682 1486 2715 miide
1511 2693 1660 2728 gewor—

199 2734 286 2774 den,
323 2733 418 2766 iiber
444 2732 574 2767 diesen
602 2732 844 2780 Gegenstflnd
880 2729 979 2765 noch
1014 2731 1155 2765 inuner
1185 2730 1274 2765 viel
1302 2741 1349 2763 zu
1375 2729 1586 2764 schreiben.
1614 2748 1659 2754 —-

1760 142 1764 194 Ι

1761 200 1765 252 1
