<?xml version="1.0" encoding="UTF-8"?>
<!DOCTYPE html PUBLIC "-//W3C//DTD XHTML 1.0 Transitional//EN"
    "http://www.w3.org/TR/xhtml1/DTD/xhtml1-transitional.dtd">
<html xmlns="http://www.w3.org/1999/xhtml" xml:lang="en" lang="en">
 <head>
  <title>
</title>
<meta http-equiv="Content-Type" content="text/html;charset=utf-8" />
  <meta name='ocr-system' content='tesseract 3.04.00' />
  <meta name='ocr-capabilities' content='ocr_page ocr_carea ocr_par ocr_line ocrx_word'/>
</head>
<body>
  <div class='ocr_page' id='page_1' title='image "./epistolaeadattic03ciceuoft_0299.png"; bbox 0 0 1795 3081; ppageno 0'>
   <div class='ocr_carea' id='block_1_1' title="bbox 1565 38 1587 52">
    <p class='ocr_par' dir='ltr' id='par_1_1' title="bbox 1565 38 1587 52">
     <span class='ocr_line' id='line_1_1' title="bbox 1565 38 1587 52; baseline 0 -4"><span class='ocrx_word' id='word_1_1' title='bbox 1565 38 1587 52; x_wconf 53' lang='grc' dir='ltr'>,κ</span> 
     </span>
    </p>
   </div>
   <div class='ocr_carea' id='block_1_2' title="bbox 511 58 1549 117">
    <p class='ocr_par' dir='ltr' id='par_1_2' title="bbox 511 58 1549 117">
     <span class='ocr_line' id='line_1_2' title="bbox 511 58 1549 117; baseline 0.004 -5"><span class='ocrx_word' id='word_1_2' title='bbox 511 60 831 116; x_wconf 84' lang='lat' dir='ltr'>EPISTOLA</span> <span class='ocrx_word' id='word_1_3' title='bbox 868 58 1101 115; x_wconf 87' lang='lat' dir='ltr'>DLVIII.</span> <span class='ocrx_word' id='word_1_4' title='bbox 1451 68 1549 117; x_wconf 76' lang='lat'>289</span> 
     </span>
    </p>
   </div>
   <div class='ocr_carea' id='block_1_3' title="bbox 233 182 1403 320">
    <p class='ocr_par' dir='ltr' id='par_1_3' title="bbox 233 182 1403 320">
     <span class='ocr_line' id='line_1_3' title="bbox 255 182 1388 246; baseline 0.002 -11"><span class='ocrx_word' id='word_1_5' title='bbox 255 182 577 236; x_wconf 76' lang='lat' dir='ltr'><strong>EPISTOLA</strong></span> <span class='ocrx_word' id='word_1_6' title='bbox 610 187 848 236; x_wconf 80' lang='lat' dir='ltr'>DLvm.</span> <span class='ocrx_word' id='word_1_7' title='bbox 918 185 1001 245; x_wconf 75' lang='lat' dir='ltr'>(ad</span> <span class='ocrx_word' id='word_1_8' title='bbox 1037 187 1149 234; x_wconf 67' lang='lat' dir='ltr'>niv.</span> <span class='ocrx_word' id='word_1_9' title='bbox 1185 187 1246 236; x_wconf 82' lang='lat' dir='ltr'>v.</span> <span class='ocrx_word' id='word_1_10' title='bbox 1284 188 1388 246; x_wconf 88' lang='lat'>13.)</span> 
     </span>
     <span class='ocr_line' id='line_1_4' title="bbox 233 275 1403 320; baseline 0.002 -11"><span class='ocrx_word' id='word_1_11' title='bbox 233 275 315 310; x_wconf 83' lang='lat' dir='ltr'>Ser.</span> <span class='ocrx_word' id='word_1_12' title='bbox 343 276 503 309; x_wconf 82' lang='lat' dir='ltr'>Asturae</span> <span class='ocrx_word' id='word_1_13' title='bbox 530 286 662 309; x_wconf 85' lang='lat' dir='ltr'>mense</span> <span class='ocrx_word' id='word_1_14' title='bbox 689 275 818 320; x_wconf 75' lang='lat' dir='ltr'>Aprili</span> <span class='ocrx_word' id='word_1_15' title='bbox 852 275 894 308; x_wconf 92' lang='lat' dir='ltr'>A.</span> <span class='ocrx_word' id='word_1_16' title='bbox 923 276 968 309; x_wconf 87' lang='lat' dir='ltr'>U.</span> <span class='ocrx_word' id='word_1_17' title='bbox 998 276 1035 309; x_wconf 92' lang='lat' dir='ltr'>C.</span> <span class='ocrx_word' id='word_1_18' title='bbox 1065 277 1144 311; x_wconf 85' lang='lat'><strong>709.</strong></span> <span class='ocrx_word' id='word_1_19' title='bbox 1180 277 1229 318; x_wconf 86' lang='lat' dir='ltr'>(a.</span> <span class='ocrx_word' id='word_1_20' title='bbox 1261 275 1300 310; x_wconf 86' lang='lat' dir='ltr'>C.</span> <span class='ocrx_word' id='word_1_21' title='bbox 1327 277 1403 320; x_wconf 80' lang='lat'>45.)</span> 
     </span>
    </p>
   </div>
   <div class='ocr_carea' id='block_1_4' title="bbox 81 345 1548 439">
    <p class='ocr_par' dir='ltr' id='par_1_4' title="bbox 81 345 1548 439">
     <span class='ocr_line' id='line_1_5' title="bbox 81 345 1548 390; baseline 0 -8"><span class='ocrx_word' id='word_1_22' title='bbox 81 347 345 383; x_wconf 84' lang='lat' dir='ltr'>Consolationi</span> <span class='ocrx_word' id='word_1_23' title='bbox 373 346 528 380; x_wconf 85' lang='lat' dir='ltr'>Lucceii</span> <span class='ocrx_word' id='word_1_24' title='bbox 556 345 776 390; x_wconf 82' lang='lat' dir='ltr'>respondet,</span> <span class='ocrx_word' id='word_1_25' title='bbox 804 356 875 389; x_wconf 88' lang='lat' dir='ltr'>qua</span> <span class='ocrx_word' id='word_1_26' title='bbox 902 358 940 380; x_wconf 90' lang='lat' dir='ltr'>se</span> <span class='ocrx_word' id='word_1_27' title='bbox 967 347 1067 381; x_wconf 83' lang='lat' dir='ltr'>mire</span> <span class='ocrx_word' id='word_1_28' title='bbox 1094 348 1262 381; x_wconf 74' lang='lat' dir='ltr'>levatum</span> <span class='ocrx_word' id='word_1_29' title='bbox 1291 358 1369 382; x_wconf 85' lang='lat' dir='ltr'>esse</span> <span class='ocrx_word' id='word_1_30' title='bbox 1391 349 1548 390; x_wconf 66' lang='lat' dir='ltr'>fatetur,</span> 
     </span>
     <span class='ocr_line' id='line_1_6' title="bbox 217 394 1421 439; baseline 0.001 -10"><span class='ocrx_word' id='word_1_31' title='bbox 217 402 259 429; x_wconf 86' lang='lat' dir='ltr'>ut</span> <span class='ocrx_word' id='word_1_32' title='bbox 284 396 378 430; x_wconf 84' lang='lat' dir='ltr'>forti</span> <span class='ocrx_word' id='word_1_33' title='bbox 406 395 531 428; x_wconf 85' lang='lat' dir='ltr'>animo</span> <span class='ocrx_word' id='word_1_34' title='bbox 558 394 618 436; x_wconf 87' lang='lat' dir='ltr'>sit,</span> <span class='ocrx_word' id='word_1_35' title='bbox 655 394 724 427; x_wconf 86' lang='lat' dir='ltr'>etsi</span> <span class='ocrx_word' id='word_1_36' title='bbox 750 394 796 427; x_wconf 89' lang='lat' dir='ltr'>de</span> <span class='ocrx_word' id='word_1_37' title='bbox 822 405 863 427; x_wconf 85' lang='lat' dir='ltr'>re</span> <span class='ocrx_word' id='word_1_38' title='bbox 889 394 1047 438; x_wconf 85' lang='lat' dir='ltr'>publica</span> <span class='ocrx_word' id='word_1_39' title='bbox 1076 395 1261 439; x_wconf 80' lang='lat' dir='ltr'><strong>desperet.</strong></span> <span class='ocrx_word' id='word_1_40' title='bbox 1300 399 1421 431; x_wconf 83' lang='lat'>1—5.</span> 
     </span>
    </p>
   </div>
   <div class='ocr_carea' id='block_1_5' title="bbox 359 465 1269 510">
    <p class='ocr_par' dir='ltr' id='par_1_5' title="bbox 359 465 1269 510">
     <span class='ocr_line' id='line_1_7' title="bbox 359 465 1269 510; baseline 0 -9"><span class='ocrx_word' id='word_1_41' title='bbox 359 469 406 501; x_wconf 81' lang='lat' dir='ltr'>M.</span> <span class='ocrx_word' id='word_1_42' title='bbox 444 465 625 500; x_wconf 84' lang='lat' dir='ltr'>CICERO</span> <span class='ocrx_word' id='word_1_43' title='bbox 661 465 697 500; x_wconf 90' lang='lat' dir='ltr'>S.</span> <span class='ocrx_word' id='word_1_44' title='bbox 734 465 778 500; x_wconf 90' lang='lat' dir='ltr'>D.</span> <span class='ocrx_word' id='word_1_45' title='bbox 820 465 860 498; x_wconf 79' lang='lat' dir='ltr'>L.</span> <span class='ocrx_word' id='word_1_46' title='bbox 897 465 1115 500; x_wconf 84' lang='lat' dir='ltr'>LUCCEIO</span> <span class='ocrx_word' id='word_1_47' title='bbox 1153 466 1193 510; x_wconf 81' lang='lat' dir='ltr'>Q.</span> <span class='ocrx_word' id='word_1_48' title='bbox 1226 468 1269 501; x_wconf 81' lang='lat' dir='ltr'>F.</span> 
     </span>
    </p>
   </div>
   <div class='ocr_carea' id='block_1_6' title="bbox 81 536 1609 1758">
    <p class='ocr_par' dir='ltr' id='par_1_6' title="bbox 81 536 1609 1758">
     <span class='ocr_line' id='line_1_8' title="bbox 193 536 1550 592; baseline 0.001 -13"><span class='ocrx_word' id='word_1_49' title='bbox 193 540 466 592; x_wconf 84' lang='lat' dir='ltr'>Ouamquam</span> <span class='ocrx_word' id='word_1_50' title='bbox 511 539 603 591; x_wconf 87' lang='lat' dir='ltr'>ipsa</span> <span class='ocrx_word' id='word_1_51' title='bbox 655 538 900 577; x_wconf 88' lang='lat' dir='ltr'>consolatio</span> <span class='ocrx_word' id='word_1_52' title='bbox 943 539 1178 578; x_wconf 85' lang='lat' dir='ltr'>literarum</span> <span class='ocrx_word' id='word_1_53' title='bbox 1218 546 1396 580; x_wconf 88' lang='lat' dir='ltr'>tuarum</span> <span class='ocrx_word' id='word_1_54' title='bbox 1438 536 1550 580; x_wconf 87' lang='lat' dir='ltr'>mihi</span> 
     </span>
     <span class='ocr_line' id='line_1_9' title="bbox 81 583 1551 653; baseline -0.001 -17"><span class='ocrx_word' id='word_1_55' title='bbox 81 583 332 653; x_wconf 58' lang='lat' dir='ltr'>gratissima</span> <span class='ocrx_word' id='word_1_56' title='bbox 361 601 446 634; x_wconf 87' lang='lat' dir='ltr'>est:</span> <span class='ocrx_word' id='word_1_57' title='bbox 485 615 539 621; x_wconf 93' lang='lat'><em>—</em></span> <span class='ocrx_word' id='word_1_58' title='bbox 570 592 768 632; x_wconf 78' lang='lat' dir='ltr'>declarat</span> <span class='ocrx_word' id='word_1_59' title='bbox 797 594 913 632; x_wconf 89' lang='lat' dir='ltr'>enim</span> <span class='ocrx_word' id='word_1_60' title='bbox 945 607 1157 633; x_wconf 88' lang='lat' dir='ltr'>summam</span> <span class='ocrx_word' id='word_1_61' title='bbox 1195 595 1551 636; x_wconf 81' lang='lat' dir='ltr'>benevolentiam</span> 
     </span>
     <span class='ocr_line' id='line_1_10' title="bbox 84 647 1552 702; baseline 0 -11"><span class='ocrx_word' id='word_1_62' title='bbox 84 653 363 691; x_wconf 88' lang='lat' dir='ltr'>coniunctam</span> <span class='ocrx_word' id='word_1_63' title='bbox 404 650 503 701; x_wconf 88' lang='lat' dir='ltr'>pari</span> <span class='ocrx_word' id='word_1_64' title='bbox 544 647 804 702; x_wconf 86' lang='lat' dir='ltr'>prudentia:</span> <span class='ocrx_word' id='word_1_65' title='bbox 835 670 889 677; x_wconf 87' lang='lat'>——</span> <span class='ocrx_word' id='word_1_66' title='bbox 929 655 1075 688; x_wconf 85' lang='lat' dir='ltr'>tamen</span> <span class='ocrx_word' id='word_1_67' title='bbox 1115 651 1244 689; x_wconf 89' lang='lat' dir='ltr'>illum</span> <span class='ocrx_word' id='word_1_68' title='bbox 1274 652 1467 690; x_wconf 85' lang='lat' dir='ltr'>fructum</span> <span class='ocrx_word' id='word_1_69' title='bbox 1498 666 1552 692; x_wconf 76' lang='lat' dir='ltr'>ex</span> 
     </span>
     <span class='ocr_line' id='line_1_11' title="bbox 83 704 1552 758; baseline -0.001 -12"><span class='ocrx_word' id='word_1_70' title='bbox 83 709 137 747; x_wconf 83' lang='lat' dir='ltr'>iis</span> <span class='ocrx_word' id='word_1_71' title='bbox 168 707 311 745; x_wconf 84' lang='lat' dir='ltr'>literis</span> <span class='ocrx_word' id='word_1_72' title='bbox 340 705 412 744; x_wconf 73' lang='lat' dir='ltr'>vel</span> <span class='ocrx_word' id='word_1_73' title='bbox 442 705 681 742; x_wconf 77' lang='lat' dir='ltr'>maximum</span> <span class='ocrx_word' id='word_1_74' title='bbox 717 704 829 756; x_wconf 79' lang='lat' dir='ltr'>cepi,</span> <span class='ocrx_word' id='word_1_75' title='bbox 870 704 988 756; x_wconf 88' lang='lat' dir='ltr'>quod</span> <span class='ocrx_word' id='word_1_76' title='bbox 1028 711 1071 743; x_wconf 88' lang='lat' dir='ltr'>te</span> <span class='ocrx_word' id='word_1_77' title='bbox 1109 705 1339 758; x_wconf 87' lang='lat' dir='ltr'>praeclare</span> <span class='ocrx_word' id='word_1_78' title='bbox 1370 720 1440 746; x_wconf 75' lang='lat' dir='ltr'>res</span> <span class='ocrx_word' id='word_1_79' title='bbox 1471 707 1552 745; x_wconf 91' lang='lat' dir='ltr'>hu-</span> 
     </span>
     <span class='ocr_line' id='line_1_12' title="bbox 83 760 1553 815; baseline 0 -14"><span class='ocrx_word' id='word_1_80' title='bbox 83 775 231 801; x_wconf 83' lang='lat' dir='ltr'>manas</span> <span class='ocrx_word' id='word_1_81' title='bbox 261 765 611 799; x_wconf 79' lang='lat' dir='ltr'>contemnentem</span> <span class='ocrx_word' id='word_1_82' title='bbox 643 766 686 798; x_wconf 86' lang='lat' dir='ltr'>et</span> <span class='ocrx_word' id='word_1_83' title='bbox 716 760 882 811; x_wconf 89' lang='lat' dir='ltr'>optime</span> <span class='ocrx_word' id='word_1_84' title='bbox 913 766 1069 798; x_wconf 86' lang='lat' dir='ltr'>contra</span> <span class='ocrx_word' id='word_1_85' title='bbox 1093 762 1317 799; x_wconf 82' lang='lat' dir='ltr'>fortunam</span> <span class='ocrx_word' id='word_1_86' title='bbox 1346 769 1553 815; x_wconf 88' lang='lat' dir='ltr'>paratum</span> 
     </span>
     <span class='ocr_line' id='line_1_13' title="bbox 85 814 1554 869; baseline -0.001 -12"><span class='ocrx_word' id='word_1_87' title='bbox 85 823 390 868; x_wconf 87' lang='lat' dir='ltr'>armatumque</span> <span class='ocrx_word' id='word_1_88' title='bbox 432 814 645 869; x_wconf 82' lang='lat' dir='ltr'>cognovi:</span> <span class='ocrx_word' id='word_1_89' title='bbox 699 814 1055 867; x_wconf 17' lang='lat' dir='ltr'>quaquuidem</span> <span class='ocrx_word' id='word_1_90' title='bbox 1098 815 1272 855; x_wconf 90' lang='lat' dir='ltr'>laudem</span> <span class='ocrx_word' id='word_1_91' title='bbox 1311 819 1554 869; x_wconf 77' lang='lat' dir='ltr'>sapientiae</span> 
     </span>
     <span class='ocr_line' id='line_1_14' title="bbox 84 869 1555 923; baseline 0 -12"><span class='ocrx_word' id='word_1_92' title='bbox 84 878 230 911; x_wconf 89' lang='lat' dir='ltr'>statuo</span> <span class='ocrx_word' id='word_1_93' title='bbox 261 884 353 910; x_wconf 89' lang='lat' dir='ltr'>esse</span> <span class='ocrx_word' id='word_1_94' title='bbox 383 871 631 919; x_wconf 76' lang='lat' dir='ltr'>maximam,</span> <span class='ocrx_word' id='word_1_95' title='bbox 670 883 759 908; x_wconf 89' lang='lat' dir='ltr'>non</span> <span class='ocrx_word' id='word_1_96' title='bbox 799 869 976 909; x_wconf 84' lang='lat' dir='ltr'>aliunde</span> <span class='ocrx_word' id='word_1_97' title='bbox 1007 870 1198 923; x_wconf 85' lang='lat' dir='ltr'>pendere</span> <span class='ocrx_word' id='word_1_98' title='bbox 1228 885 1308 911; x_wconf 93' lang='lat' dir='ltr'>nec</span> <span class='ocrx_word' id='word_1_99' title='bbox 1339 875 1555 911; x_wconf 74' lang='lat' dir='ltr'>extrinse-</span> 
     </span>
     <span class='ocr_line' id='line_1_15' title="bbox 87 924 1552 978; baseline 0.001 -12"><span class='ocrx_word' id='word_1_100' title='bbox 87 941 162 966; x_wconf 90' lang='lat' dir='ltr'>cus</span> <span class='ocrx_word' id='word_1_101' title='bbox 192 931 269 966; x_wconf 83' lang='lat' dir='ltr'>aut</span> <span class='ocrx_word' id='word_1_102' title='bbox 297 927 407 965; x_wconf 88' lang='lat' dir='ltr'>bene</span> <span class='ocrx_word' id='word_1_103' title='bbox 436 932 512 964; x_wconf 90' lang='lat' dir='ltr'>aut</span> <span class='ocrx_word' id='word_1_104' title='bbox 539 925 654 963; x_wconf 90' lang='lat' dir='ltr'>male</span> <span class='ocrx_word' id='word_1_105' title='bbox 682 924 864 964; x_wconf 73' lang='lat' dir='ltr'>vivendi</span> <span class='ocrx_word' id='word_1_106' title='bbox 893 939 1118 978; x_wconf 88' lang='lat' dir='ltr'>suspensas</span> <span class='ocrx_word' id='word_1_107' title='bbox 1149 926 1313 966; x_wconf 86' lang='lat' dir='ltr'>habere</span> <span class='ocrx_word' id='word_1_108' title='bbox 1343 929 1552 967; x_wconf 80' lang='lat' dir='ltr'>rationes.</span> 
     </span>
     <span class='ocr_line' id='line_1_16' title="bbox 85 980 1598 1036; baseline 0.001 -15"><span class='ocrx_word' id='word_1_109' title='bbox 85 983 208 1034; x_wconf 74' lang='lat' dir='ltr'>Quae</span> <span class='ocrx_word' id='word_1_110' title='bbox 238 982 450 1036; x_wconf 80' lang='lat' dir='ltr'>cogitatio</span> <span class='ocrx_word' id='word_1_111' title='bbox 481 994 614 1033; x_wconf 87' lang='lat' dir='ltr'>quum</span> <span class='ocrx_word' id='word_1_112' title='bbox 644 980 754 1018; x_wconf 82' lang='lat' dir='ltr'>mihi</span> <span class='ocrx_word' id='word_1_113' title='bbox 784 994 871 1019; x_wconf 91' lang='lat' dir='ltr'>non</span> <span class='ocrx_word' id='word_1_114' title='bbox 903 983 1081 1020; x_wconf 85' lang='lat' dir='ltr'>omnino</span> <span class='ocrx_word' id='word_1_115' title='bbox 1114 982 1347 1022; x_wconf 81' lang='lat' dir='ltr'>excidisset</span> <span class='ocrx_word' id='word_1_116' title='bbox 1375 1005 1430 1012; x_wconf 91' lang='lat'>-—-</span> <span class='ocrx_word' id='word_1_117' title='bbox 1461 990 1552 1022; x_wconf 88' lang='lat' dir='ltr'>ete·</span> <span class='ocrx_word' id='word_1_118' title='bbox 1571 989 1598 1027; x_wconf 82' lang='lat'><strong>2</strong></span> 
     </span>
     <span class='ocr_line' id='line_1_17' title="bbox 85 1035 1557 1090; baseline 0.001 -14"><span class='ocrx_word' id='word_1_119' title='bbox 85 1040 176 1076; x_wconf 87' lang='lat' dir='ltr'>nim</span> <span class='ocrx_word' id='word_1_120' title='bbox 206 1039 381 1090; x_wconf 88' lang='lat' dir='ltr'>penitus</span> <span class='ocrx_word' id='word_1_121' title='bbox 412 1035 634 1075; x_wconf 85' lang='lat' dir='ltr'>insederat</span> <span class='ocrx_word' id='word_1_122' title='bbox 661 1058 717 1063; x_wconf 91' lang='lat'>——-</span> <span class='ocrx_word' id='word_1_123' title='bbox 752 1037 800 1075; x_wconf 76' lang='lat' dir='ltr'>vi</span> <span class='ocrx_word' id='word_1_124' title='bbox 838 1043 984 1075; x_wconf 83' lang='lat' dir='ltr'>tamen</span> <span class='ocrx_word' id='word_1_125' title='bbox 1024 1043 1333 1090; x_wconf 80' lang='lat' dir='ltr'>tempestatum</span> <span class='ocrx_word' id='word_1_126' title='bbox 1374 1045 1417 1078; x_wconf 81' lang='lat' dir='ltr'>et</span> <span class='ocrx_word' id='word_1_127' title='bbox 1454 1052 1557 1079; x_wconf 87' lang='lat' dir='ltr'>con-</span> 
     </span>
     <span class='ocr_line' id='line_1_18' title="bbox 87 1092 1557 1146; baseline 0.001 -15"><span class='ocrx_word' id='word_1_128' title='bbox 87 1106 224 1131; x_wconf 87' lang='lat' dir='ltr'>cursu</span> <span class='ocrx_word' id='word_1_129' title='bbox 250 1093 548 1132; x_wconf 85' lang='lat' dir='ltr'>calamitatum</span> <span class='ocrx_word' id='word_1_130' title='bbox 580 1098 676 1131; x_wconf 86' lang='lat' dir='ltr'>erat</span> <span class='ocrx_word' id='word_1_131' title='bbox 705 1092 979 1144; x_wconf 84' lang='lat' dir='ltr'>aliquantum</span> <span class='ocrx_word' id='word_1_132' title='bbox 1000 1093 1263 1133; x_wconf 87' lang='lat' dir='ltr'>labefactata</span> <span class='ocrx_word' id='word_1_133' title='bbox 1293 1100 1423 1146; x_wconf 84' lang='lat' dir='ltr'>atque</span> <span class='ocrx_word' id='word_1_134' title='bbox 1454 1107 1557 1133; x_wconf 89' lang='lat' dir='ltr'>con-</span> 
     </span>
     <span class='ocr_line' id='line_1_19' title="bbox 85 1146 1558 1202; baseline 0.001 -16"><span class='ocrx_word' id='word_1_135' title='bbox 85 1149 235 1187; x_wconf 81' lang='lat' dir='ltr'>vulsa:</span> <span class='ocrx_word' id='word_1_136' title='bbox 269 1149 342 1186; x_wconf 89' lang='lat' dir='ltr'>cui</span> <span class='ocrx_word' id='word_1_137' title='bbox 372 1154 415 1186; x_wconf 89' lang='lat' dir='ltr'>te</span> <span class='ocrx_word' id='word_1_138' title='bbox 446 1148 660 1200; x_wconf 86' lang='lat' dir='ltr'>opitulari</span> <span class='ocrx_word' id='word_1_139' title='bbox 691 1153 735 1186; x_wconf 85' lang='lat' dir='ltr'>et</span> <span class='ocrx_word' id='word_1_140' title='bbox 769 1146 901 1186; x_wconf 69' lang='lat' dir='ltr'>video</span> <span class='ocrx_word' id='word_1_141' title='bbox 934 1154 976 1186; x_wconf 86' lang='lat' dir='ltr'>et</span> <span class='ocrx_word' id='word_1_142' title='bbox 1005 1146 1051 1186; x_wconf 86' lang='lat' dir='ltr'>id</span> <span class='ocrx_word' id='word_1_143' title='bbox 1090 1150 1244 1187; x_wconf 83' lang='lat' dir='ltr'>fecisse</span> <span class='ocrx_word' id='word_1_144' title='bbox 1284 1151 1417 1188; x_wconf 83' lang='lat' dir='ltr'>etiam</span> <span class='ocrx_word' id='word_1_145' title='bbox 1454 1163 1558 1202; x_wconf 83' lang='lat' dir='ltr'>pro-</span> 
     </span>
     <span class='ocr_line' id='line_1_20' title="bbox 86 1203 1560 1257; baseline 0.001 -15"><span class='ocrx_word' id='word_1_146' title='bbox 86 1204 215 1242; x_wconf 83' lang='lat' dir='ltr'>ximis</span> <span class='ocrx_word' id='word_1_147' title='bbox 239 1203 413 1253; x_wconf 56' lang='lat' dir='ltr'>diteris,</span> <span class='ocrx_word' id='word_1_148' title='bbox 468 1203 744 1255; x_wconf 81' lang='lat' dir='ltr'>multumque</span> <span class='ocrx_word' id='word_1_149' title='bbox 791 1204 1032 1255; x_wconf 85' lang='lat' dir='ltr'>profecisse</span> <span class='ocrx_word' id='word_1_150' title='bbox 1070 1205 1225 1243; x_wconf 79' lang='lat' dir='ltr'>sentio.</span> <span class='ocrx_word' id='word_1_151' title='bbox 1284 1203 1438 1257; x_wconf 85' lang='lat' dir='ltr'>Itaque</span> <span class='ocrx_word' id='word_1_152' title='bbox 1475 1205 1560 1243; x_wconf 91' lang='lat' dir='ltr'>hoc</span> 
     </span>
     <span class='ocr_line' id='line_1_21' title="bbox 90 1256 1560 1314; baseline 0.001 -17"><span class='ocrx_word' id='word_1_153' title='bbox 90 1259 262 1310; x_wconf 88' lang='lat' dir='ltr'>saepius</span> <span class='ocrx_word' id='word_1_154' title='bbox 302 1256 535 1297; x_wconf 87' lang='lat' dir='ltr'>dicendum</span> <span class='ocrx_word' id='word_1_155' title='bbox 572 1259 743 1310; x_wconf 87' lang='lat' dir='ltr'>tibique</span> <span class='ocrx_word' id='word_1_156' title='bbox 782 1271 870 1296; x_wconf 91' lang='lat' dir='ltr'>non</span> <span class='ocrx_word' id='word_1_157' title='bbox 906 1259 1242 1314; x_wconf 81' lang='lat' dir='ltr'>significandum</span> <span class='ocrx_word' id='word_1_158' title='bbox 1277 1261 1437 1310; x_wconf 81' lang='lat' dir='ltr'>solum,</span> <span class='ocrx_word' id='word_1_159' title='bbox 1484 1259 1560 1299; x_wconf 88' lang='lat' dir='ltr'>sed</span> 
     </span>
     <span class='ocr_line' id='line_1_22' title="bbox 89 1312 1609 1368; baseline 0 -15"><span class='ocrx_word' id='word_1_160' title='bbox 89 1315 223 1353; x_wconf 87' lang='lat' dir='ltr'>etiam</span> <span class='ocrx_word' id='word_1_161' title='bbox 253 1312 567 1352; x_wconf 87' lang='lat' dir='ltr'>declarandum</span> <span class='ocrx_word' id='word_1_162' title='bbox 597 1313 811 1364; x_wconf 70' lang='lat' dir='ltr'>arbitror,</span> <span class='ocrx_word' id='word_1_163' title='bbox 842 1313 956 1352; x_wconf 90' lang='lat' dir='ltr'>nihil</span> <span class='ocrx_word' id='word_1_164' title='bbox 986 1314 1097 1352; x_wconf 87' lang='lat' dir='ltr'>mihi</span> <span class='ocrx_word' id='word_1_165' title='bbox 1128 1328 1220 1354; x_wconf 88' lang='lat' dir='ltr'>esse</span> <span class='ocrx_word' id='word_1_166' title='bbox 1250 1316 1444 1368; x_wconf 87' lang='lat' dir='ltr'>potuisse</span> <span class='ocrx_word' id='word_1_167' title='bbox 1472 1317 1560 1354; x_wconf 87' lang='lat' dir='ltr'>tuis</span> <span class='ocrx_word' id='word_1_168' title='bbox 1597 1349 1609 1361; x_wconf 45' lang='lat' dir='ltr'><em>s</em></span> 
     </span>
     <span class='ocr_line' id='line_1_23' title="bbox 88 1367 1603 1423; baseline 0.002 -16"><span class='ocrx_word' id='word_1_169' title='bbox 88 1370 232 1408; x_wconf 90' lang='lat' dir='ltr'>literis</span> <span class='ocrx_word' id='word_1_170' title='bbox 263 1369 445 1423; x_wconf 81' lang='lat' dir='ltr'>gratiuS.</span> <span class='ocrx_word' id='word_1_171' title='bbox 500 1367 567 1406; x_wconf 86' lang='lat' dir='ltr'>Ad</span> <span class='ocrx_word' id='word_1_172' title='bbox 597 1368 913 1407; x_wconf 87' lang='lat' dir='ltr'>consolandum</span> <span class='ocrx_word' id='word_1_173' title='bbox 943 1370 1091 1408; x_wconf 89' lang='lat' dir='ltr'>autem</span> <span class='ocrx_word' id='word_1_174' title='bbox 1121 1384 1255 1422; x_wconf 83' lang='lat' dir='ltr'>quum</span> <span class='ocrx_word' id='word_1_175' title='bbox 1284 1371 1364 1409; x_wconf 85' lang='lat' dir='ltr'>illa</span> <span class='ocrx_word' id='word_1_176' title='bbox 1393 1371 1603 1421; x_wconf 67' lang='lat' dir='ltr'>valent73</span> 
     </span>
     <span class='ocr_line' id='line_1_24' title="bbox 90 1420 1561 1480; baseline 0.001 -18"><span class='ocrx_word' id='word_1_177' title='bbox 90 1437 201 1476; x_wconf 85' lang='lat' dir='ltr'>quae</span> <span class='ocrx_word' id='word_1_178' title='bbox 232 1424 458 1478; x_wconf 81' lang='lat' dir='ltr'>eleganter</span> <span class='ocrx_word' id='word_1_179' title='bbox 487 1424 747 1476; x_wconf 86' lang='lat' dir='ltr'>copioseque</span> <span class='ocrx_word' id='word_1_180' title='bbox 778 1424 1015 1480; x_wconf 82' lang='lat' dir='ltr'>collegisti,</span> <span class='ocrx_word' id='word_1_181' title='bbox 1045 1431 1138 1464; x_wconf 90' lang='lat' dir='ltr'>tum</span> <span class='ocrx_word' id='word_1_182' title='bbox 1158 1425 1272 1477; x_wconf 86' lang='lat' dir='ltr'>nihil</span> <span class='ocrx_word' id='word_1_183' title='bbox 1294 1420 1407 1478; x_wconf 68' lang='lat' dir='ltr'>plus7</span> <span class='ocrx_word' id='word_1_184' title='bbox 1430 1439 1561 1478; x_wconf 86' lang='lat' dir='ltr'>quam</span> 
     </span>
     <span class='ocr_line' id='line_1_25' title="bbox 91 1477 1559 1535; baseline 0.002 -18"><span class='ocrx_word' id='word_1_185' title='bbox 91 1477 208 1532; x_wconf 89' lang='lat' dir='ltr'>quod</span> <span class='ocrx_word' id='word_1_186' title='bbox 254 1477 574 1518; x_wconf 85' lang='lat' dir='ltr'>firmitudinem</span> <span class='ocrx_word' id='word_1_187' title='bbox 625 1480 978 1534; x_wconf 84' lang='lat' dir='ltr'>gravitatemque</span> <span class='ocrx_word' id='word_1_188' title='bbox 1032 1481 1169 1518; x_wconf 91' lang='lat' dir='ltr'>animi</span> <span class='ocrx_word' id='word_1_189' title='bbox 1217 1482 1285 1520; x_wconf 89' lang='lat' dir='ltr'>tui</span> <span class='ocrx_word' id='word_1_190' title='bbox 1332 1483 1559 1535; x_wconf 83' lang='lat' dir='ltr'>perspexi:</span> 
     </span>
     <span class='ocr_line' id='line_1_26' title="bbox 90 1534 1562 1588; baseline 0.003 -16"><span class='ocrx_word' id='word_1_191' title='bbox 90 1547 220 1587; x_wconf 86' lang='lat' dir='ltr'>quam</span> <span class='ocrx_word' id='word_1_192' title='bbox 248 1546 337 1572; x_wconf 87' lang='lat' dir='ltr'>non</span> <span class='ocrx_word' id='word_1_193' title='bbox 367 1534 537 1572; x_wconf 88' lang='lat' dir='ltr'>imitari</span> <span class='ocrx_word' id='word_1_194' title='bbox 559 1536 862 1586; x_wconf 85' lang='lat' dir='ltr'>turpissimum</span> <span class='ocrx_word' id='word_1_195' title='bbox 883 1536 1098 1574; x_wconf 83' lang='lat' dir='ltr'>existimo.</span> <span class='ocrx_word' id='word_1_196' title='bbox 1143 1535 1296 1588; x_wconf 85' lang='lat' dir='ltr'>Itaque</span> <span class='ocrx_word' id='word_1_197' title='bbox 1320 1536 1405 1576; x_wconf 89' lang='lat' dir='ltr'>hoc</span> <span class='ocrx_word' id='word_1_198' title='bbox 1428 1539 1562 1576; x_wconf 89' lang='lat' dir='ltr'>etiam</span> 
     </span>
     <span class='ocr_line' id='line_1_27' title="bbox 91 1590 1562 1644; baseline 0.002 -15"><span class='ocrx_word' id='word_1_199' title='bbox 91 1590 329 1629; x_wconf 85' lang='lat' dir='ltr'>fortiorem</span> <span class='ocrx_word' id='word_1_200' title='bbox 358 1601 426 1627; x_wconf 92' lang='lat' dir='ltr'>me</span> <span class='ocrx_word' id='word_1_201' title='bbox 457 1595 579 1642; x_wconf 76' lang='lat' dir='ltr'>puto,</span> <span class='ocrx_word' id='word_1_202' title='bbox 624 1603 754 1641; x_wconf 88' lang='lat' dir='ltr'>quam</span> <span class='ocrx_word' id='word_1_203' title='bbox 785 1595 826 1628; x_wconf 88' lang='lat' dir='ltr'>te</span> <span class='ocrx_word' id='word_1_204' title='bbox 856 1591 1015 1643; x_wconf 81' lang='lat' dir='ltr'>ipsum,</span> <span class='ocrx_word' id='word_1_205' title='bbox 1055 1597 1391 1644; x_wconf 84' lang='lat' dir='ltr'>praeceptorem</span> <span class='ocrx_word' id='word_1_206' title='bbox 1431 1595 1562 1632; x_wconf 76' lang='lat' dir='ltr'>forti-</span> 
     </span>
     <span class='ocr_line' id='line_1_28' title="bbox 90 1642 1562 1698; baseline 0.001 -14"><span class='ocrx_word' id='word_1_207' title='bbox 90 1643 274 1695; x_wconf 78' lang='lat' dir='ltr'>tudinis,</span> <span class='ocrx_word' id='word_1_208' title='bbox 322 1642 440 1695; x_wconf 87' lang='lat' dir='ltr'>quod</span> <span class='ocrx_word' id='word_1_209' title='bbox 482 1650 532 1683; x_wconf 91' lang='lat' dir='ltr'>tu</span> <span class='ocrx_word' id='word_1_210' title='bbox 576 1645 686 1683; x_wconf 89' lang='lat' dir='ltr'>mihi</span> <span class='ocrx_word' id='word_1_211' title='bbox 728 1644 884 1684; x_wconf 79' lang='lat' dir='ltr'>videre</span> <span class='ocrx_word' id='word_1_212' title='bbox 929 1658 1050 1698; x_wconf 90' lang='lat' dir='ltr'>spem</span> <span class='ocrx_word' id='word_1_213' title='bbox 1091 1647 1353 1685; x_wconf 88' lang='lat' dir='ltr'>nonnullam</span> <span class='ocrx_word' id='word_1_214' title='bbox 1397 1647 1562 1687; x_wconf 86' lang='lat' dir='ltr'>habere</span> 
     </span>
     <span class='ocr_line' id='line_1_29' title="bbox 90 1698 1563 1758; baseline 0.002 -20"><span class='ocrx_word' id='word_1_215' title='bbox 90 1699 199 1739; x_wconf 86' lang='lat' dir='ltr'>haec</span> <span class='ocrx_word' id='word_1_216' title='bbox 230 1698 467 1751; x_wconf 85' lang='lat' dir='ltr'>aliquando</span> <span class='ocrx_word' id='word_1_217' title='bbox 505 1701 657 1739; x_wconf 87' lang='lat' dir='ltr'>futura</span> <span class='ocrx_word' id='word_1_218' title='bbox 695 1700 896 1740; x_wconf 89' lang='lat' dir='ltr'>meliora.</span> <span class='ocrx_word' id='word_1_219' title='bbox 967 1700 1102 1741; x_wconf 84' lang='lat' dir='ltr'>Casus</span> <span class='ocrx_word' id='word_1_220' title='bbox 1143 1703 1260 1741; x_wconf 89' lang='lat' dir='ltr'>enim</span> <span class='ocrx_word' id='word_1_221' title='bbox 1303 1701 1563 1758; x_wconf 77' lang='lat' dir='ltr'>gladiatorii</span> 
     </span>
    </p>
   </div>
   <div class='ocr_carea' id='block_1_7' title="bbox 236 1814 1129 1866">
    <p class='ocr_par' dir='ltr' id='par_1_7' title="bbox 236 1814 1129 1866">
     <span class='ocr_line' id='line_1_30' title="bbox 236 1814 1129 1866; baseline 0.002 -17"><span class='ocrx_word' id='word_1_222' title='bbox 236 1814 460 1849; x_wconf 86' lang='lat' dir='ltr'>LUCCEIO.</span> <span class='ocrx_word' id='word_1_223' title='bbox 493 1814 529 1848; x_wconf 87' lang='lat' dir='ltr'>S.</span> <span class='ocrx_word' id='word_1_224' title='bbox 558 1827 605 1848; x_wconf 92' lang='lat' dir='ltr'>zu</span> <span class='ocrx_word' id='word_1_225' title='bbox 634 1827 692 1860; x_wconf 86' lang='lat' dir='ltr'>ep.</span> <span class='ocrx_word' id='word_1_226' title='bbox 721 1815 843 1849; x_wconf 90' lang='lat' dir='ltr'>CVIII</span> <span class='ocrx_word' id='word_1_227' title='bbox 869 1815 921 1849; x_wconf 85' lang='lat' dir='ltr'>im</span> <span class='ocrx_word' id='word_1_228' title='bbox 941 1817 1129 1866; x_wconf 60' lang='lat' dir='ltr'>Anfange.</span> 
     </span>
    </p>
   </div>
   <div class='ocr_carea' id='block_1_8' title="bbox 94 1871 1567 2248">
    <p class='ocr_par' dir='ltr' id='par_1_8' title="bbox 94 1871 1567 2248">
     <span class='ocr_line' id='line_1_31' title="bbox 189 1871 1565 1923; baseline 0.002 -15"><span class='ocrx_word' id='word_1_229' title='bbox 189 1877 221 1908; x_wconf 88' lang='lat'>1.</span> <span class='ocrx_word' id='word_1_230' title='bbox 268 1875 481 1918; x_wconf 78' lang='lat' dir='ltr'>prudentia,</span> <span class='ocrx_word' id='word_1_231' title='bbox 510 1874 572 1908; x_wconf 90' lang='lat' dir='ltr'>die</span> <span class='ocrx_word' id='word_1_232' title='bbox 598 1874 797 1923; x_wconf 80' lang='lat' dir='ltr'>Klugheit‚</span> <span class='ocrx_word' id='word_1_233' title='bbox 834 1877 973 1910; x_wconf 81' lang='lat' dir='ltr'>womit</span> <span class='ocrx_word' id='word_1_234' title='bbox 1005 1889 1049 1911; x_wconf 84' lang='lat' dir='ltr'>er</span> <span class='ocrx_word' id='word_1_235' title='bbox 1075 1877 1149 1911; x_wconf 87' lang='lat' dir='ltr'>den</span> <span class='ocrx_word' id='word_1_236' title='bbox 1176 1877 1379 1913; x_wconf 85' lang='lat' dir='ltr'>leidenden</span> <span class='ocrx_word' id='word_1_237' title='bbox 1406 1871 1565 1912; x_wconf 80' lang='lat' dir='ltr'>Freuntl</span> 
     </span>
     <span class='ocr_line' id='line_1_32' title="bbox 94 1922 1564 1964; baseline 0.003 -9"><span class='ocrx_word' id='word_1_238' title='bbox 94 1934 143 1955; x_wconf 91' lang='lat' dir='ltr'>zu</span> <span class='ocrx_word' id='word_1_239' title='bbox 168 1922 388 1956; x_wconf 88' lang='lat' dir='ltr'>behandeln</span> <span class='ocrx_word' id='word_1_240' title='bbox 415 1923 535 1956; x_wconf 77' lang='lat' dir='ltr'>wisse.</span> <span class='ocrx_word' id='word_1_241' title='bbox 563 1941 610 1946; x_wconf 89' lang='lat'>—</span> <span class='ocrx_word' id='word_1_242' title='bbox 636 1936 675 1956; x_wconf 78' lang='lat' dir='ltr'>ex</span> <span class='ocrx_word' id='word_1_243' title='bbox 702 1927 761 1964; x_wconf 78' lang='lat' dir='ltr'>iis,</span> <span class='ocrx_word' id='word_1_244' title='bbox 787 1924 860 1957; x_wconf 82' lang='lat' dir='ltr'>Md.</span> <span class='ocrx_word' id='word_1_245' title='bbox 887 1925 985 1958; x_wconf 78' lang='lat' dir='ltr'>Vict.</span> <span class='ocrx_word' id='word_1_246' title='bbox 1005 1928 1037 1959; x_wconf 92' lang='lat'>1.</span> <span class='ocrx_word' id='word_1_247' title='bbox 1055 1928 1090 1960; x_wconf 88' lang='lat'>2.</span> <span class='ocrx_word' id='word_1_248' title='bbox 1118 1939 1159 1959; x_wconf 78' lang='lat' dir='ltr'>esc</span> <span class='ocrx_word' id='word_1_249' title='bbox 1175 1925 1240 1960; x_wconf 79' lang='lat' dir='ltr'>his.</span> <span class='ocrx_word' id='word_1_250' title='bbox 1267 1926 1386 1960; x_wconf 83' lang='lat' dir='ltr'>Statt:</span> <span class='ocrx_word' id='word_1_251' title='bbox 1414 1929 1564 1960; x_wconf 84' lang='lat' dir='ltr'>fructus</span> 
     </span>
     <span class='ocr_line' id='line_1_33' title="bbox 95 1970 1562 2019; baseline 0.004 -17"><span class='ocrx_word' id='word_1_252' title='bbox 95 1975 237 2011; x_wconf 80' lang='lat' dir='ltr'>tamen,</span> <span class='ocrx_word' id='word_1_253' title='bbox 267 1981 380 2013; x_wconf 86' lang='lat' dir='ltr'>quem</span> <span class='ocrx_word' id='word_1_254' title='bbox 408 1981 454 2003; x_wconf 82' lang='lat' dir='ltr'>ex</span> <span class='ocrx_word' id='word_1_255' title='bbox 479 1970 525 2003; x_wconf 88' lang='lat' dir='ltr'>iis</span> <span class='ocrx_word' id='word_1_256' title='bbox 552 1970 677 2004; x_wconf 86' lang='lat' dir='ltr'>literis</span> <span class='ocrx_word' id='word_1_257' title='bbox 705 1972 803 2016; x_wconf 87' lang='lat' dir='ltr'>cepi,</span> <span class='ocrx_word' id='word_1_258' title='bbox 840 1972 904 2005; x_wconf 89' lang='lat' dir='ltr'>vel</span> <span class='ocrx_word' id='word_1_259' title='bbox 930 1974 1117 2006; x_wconf 84' lang='lat' dir='ltr'>maximus</span> <span class='ocrx_word' id='word_1_260' title='bbox 1144 1973 1212 2008; x_wconf 90' lang='lat' dir='ltr'>ille</span> <span class='ocrx_word' id='word_1_261' title='bbox 1238 1975 1322 2015; x_wconf 88' lang='lat' dir='ltr'>fuit,</span> <span class='ocrx_word' id='word_1_262' title='bbox 1360 1975 1462 2019; x_wconf 85' lang='lat' dir='ltr'>quod</span> <span class='ocrx_word' id='word_1_263' title='bbox 1490 1980 1562 2008; x_wconf 82' lang='lat' dir='ltr'>cet.</span> 
     </span>
     <span class='ocr_line' id='line_1_34' title="bbox 95 2017 1564 2069; baseline 0.003 -19"><span class='ocrx_word' id='word_1_264' title='bbox 95 2037 143 2043; x_wconf 90' lang='lat'>—-</span> <span class='ocrx_word' id='word_1_265' title='bbox 167 2023 456 2060; x_wconf 77' lang='lat' dir='ltr'>contemnentem,</span> <span class='ocrx_word' id='word_1_266' title='bbox 493 2017 659 2052; x_wconf 86' lang='lat' dir='ltr'>erhaben</span> <span class='ocrx_word' id='word_1_267' title='bbox 687 2020 781 2053; x_wconf 81' lang='lat' dir='ltr'>iiber</span> <span class='ocrx_word' id='word_1_268' title='bbox 807 2019 867 2053; x_wconf 86' lang='lat' dir='ltr'>die</span> <span class='ocrx_word' id='word_1_269' title='bbox 894 2021 1143 2069; x_wconf 81' lang='lat' dir='ltr'>Nichtigkeit</span> <span class='ocrx_word' id='word_1_270' title='bbox 1170 2022 1240 2056; x_wconf 81' lang='lat' dir='ltr'>der</span> <span class='ocrx_word' id='word_1_271' title='bbox 1264 2022 1564 2056; x_wconf 85' lang='lat' dir='ltr'>menschlichen</span> 
     </span>
     <span class='ocr_line' id='line_1_35' title="bbox 96 2066 1565 2114; baseline 0.001 -15"><span class='ocrx_word' id='word_1_272' title='bbox 96 2066 234 2114; x_wconf 80' lang='lat' dir='ltr'>Dinge.</span> <span class='ocrx_word' id='word_1_273' title='bbox 261 2084 305 2091; x_wconf 89' lang='lat'>—</span> <span class='ocrx_word' id='word_1_274' title='bbox 340 2079 448 2112; x_wconf 74' lang='lat' dir='ltr'>quam</span> <span class='ocrx_word' id='word_1_275' title='bbox 475 2069 616 2112; x_wconf 76' lang='lat' dir='ltr'>quidem</span> <span class='ocrx_word' id='word_1_276' title='bbox 654 2072 741 2100; x_wconf 80' lang='lat' dir='ltr'>statt</span> <span class='ocrx_word' id='word_1_277' title='bbox 770 2079 852 2101; x_wconf 85' lang='lat' dir='ltr'>eam</span> <span class='ocrx_word' id='word_1_278' title='bbox 888 2069 989 2101; x_wconf 85' lang='lat' dir='ltr'>enim</span> <span class='ocrx_word' id='word_1_279' title='bbox 1019 2069 1200 2113; x_wconf 84' lang='lat' dir='ltr'>equidem</span> <span class='ocrx_word' id='word_1_280' title='bbox 1239 2068 1390 2104; x_wconf 81' lang='lat' dir='ltr'>laudem</span> <span class='ocrx_word' id='word_1_281' title='bbox 1420 2076 1490 2104; x_wconf 89' lang='lat' dir='ltr'>cet.</span> <span class='ocrx_word' id='word_1_282' title='bbox 1516 2080 1565 2101; x_wconf 74' lang='lat' dir='ltr'><strong><em>z</em></strong></span> 
     </span>
     <span class='ocr_line' id='line_1_36' title="bbox 95 2113 1566 2165; baseline 0.003 -20"><span class='ocrx_word' id='word_1_283' title='bbox 95 2113 397 2147; x_wconf 80' lang='lat' dir='ltr'>laudatissimum</span> <span class='ocrx_word' id='word_1_284' title='bbox 438 2115 648 2159; x_wconf 87' lang='lat' dir='ltr'>sapientiae</span> <span class='ocrx_word' id='word_1_285' title='bbox 689 2127 841 2157; x_wconf 85' lang='lat' dir='ltr'>munus,</span> <span class='ocrx_word' id='word_1_286' title='bbox 887 2115 950 2149; x_wconf 87' lang='lat' dir='ltr'>die</span> <span class='ocrx_word' id='word_1_287' title='bbox 991 2117 1308 2165; x_wconf 73' lang='lat' dir='ltr'>preiswiirdigste</span> <span class='ocrx_word' id='word_1_288' title='bbox 1347 2118 1449 2152; x_wconf 83' lang='lat' dir='ltr'>Gabe</span> <span class='ocrx_word' id='word_1_289' title='bbox 1497 2118 1566 2151; x_wconf 78' lang='lat' dir='ltr'>der</span> 
     </span>
     <span class='ocr_line' id='line_1_37' title="bbox 96 2160 1567 2205; baseline 0.002 -10"><span class='ocrx_word' id='word_1_290' title='bbox 96 2160 300 2195; x_wconf 68' lang='lat' dir='ltr'>Weisheit.</span> <span class='ocrx_word' id='word_1_291' title='bbox 339 2182 381 2187; x_wconf 94' lang='lat'>—</span> <span class='ocrx_word' id='word_1_292' title='bbox 416 2175 486 2195; x_wconf 78' lang='lat' dir='ltr'>non</span> <span class='ocrx_word' id='word_1_293' title='bbox 521 2164 938 2205; x_wconf 72' lang='lat' dir='ltr'>alim2cle...rationes,</span> <span class='ocrx_word' id='word_1_294' title='bbox 974 2164 1054 2198; x_wconf 84' lang='lat' dir='ltr'>dass</span> <span class='ocrx_word' id='word_1_295' title='bbox 1093 2173 1179 2198; x_wconf 83' lang='lat' dir='ltr'>man</span> <span class='ocrx_word' id='word_1_296' title='bbox 1215 2166 1353 2200; x_wconf 80' lang='lat' dir='ltr'>innere</span> <span class='ocrx_word' id='word_1_297' title='bbox 1392 2165 1567 2199; x_wconf 79' lang='lat' dir='ltr'>Freiheit</span> 
     </span>
     <span class='ocr_line' id='line_1_38' title="bbox 99 2209 1565 2248; baseline 0.003 -7"><span class='ocrx_word' id='word_1_298' title='bbox 99 2209 163 2242; x_wconf 88' lang='lat' dir='ltr'>des</span> <span class='ocrx_word' id='word_1_299' title='bbox 191 2209 376 2242; x_wconf 83' lang='lat' dir='ltr'>Gemiiths</span> <span class='ocrx_word' id='word_1_300' title='bbox 403 2209 545 2244; x_wconf 85' lang='lat' dir='ltr'>besitze</span> <span class='ocrx_word' id='word_1_301' title='bbox 572 2211 650 2244; x_wconf 88' lang='lat' dir='ltr'>und</span> <span class='ocrx_word' id='word_1_302' title='bbox 677 2211 738 2245; x_wconf 83' lang='lat' dir='ltr'>(las</span> <span class='ocrx_word' id='word_1_303' title='bbox 764 2211 889 2245; x_wconf 83' lang='lat' dir='ltr'>Wohl</span> <span class='ocrx_word' id='word_1_304' title='bbox 922 2212 1014 2246; x_wconf 84' lang='lat' dir='ltr'>oder</span> <span class='ocrx_word' id='word_1_305' title='bbox 1040 2212 1145 2246; x_wconf 89' lang='lat' dir='ltr'>Weh</span> <span class='ocrx_word' id='word_1_306' title='bbox 1179 2213 1241 2247; x_wconf 87' lang='lat' dir='ltr'>des</span> <span class='ocrx_word' id='word_1_307' title='bbox 1270 2214 1416 2248; x_wconf 84' lang='lat' dir='ltr'>Lebens</span> <span class='ocrx_word' id='word_1_308' title='bbox 1452 2213 1565 2247; x_wconf 86' lang='lat' dir='ltr'>nicht</span> 
     </span>
    </p>
   </div>
   <div class='ocr_carea' id='block_1_9' title="bbox 99 2257 1421 2307">
    <p class='ocr_par' dir='ltr' id='par_1_9' title="bbox 99 2257 1421 2307">
     <span class='ocr_line' id='line_1_39' title="bbox 99 2257 1421 2307; baseline 0.003 -18"><span class='ocrx_word' id='word_1_309' title='bbox 99 2257 154 2289; x_wconf 83' lang='lat' dir='ltr'>als</span> <span class='ocrx_word' id='word_1_310' title='bbox 179 2267 257 2290; x_wconf 84' lang='lat' dir='ltr'>von</span> <span class='ocrx_word' id='word_1_311' title='bbox 284 2258 439 2304; x_wconf 80' lang='lat' dir='ltr'>Dingen</span> <span class='ocrx_word' id='word_1_312' title='bbox 466 2270 593 2292; x_wconf 78' lang='lat' dir='ltr'>ausser</span> <span class='ocrx_word' id='word_1_313' title='bbox 617 2271 689 2292; x_wconf 88' lang='lat' dir='ltr'>uns</span> <span class='ocrx_word' id='word_1_314' title='bbox 717 2259 909 2307; x_wconf 73' lang='lat' dir='ltr'>abh&#39;zingig</span> <span class='ocrx_word' id='word_1_315' title='bbox 934 2260 1136 2296; x_wconf 76' lang='lat' dir='ltr'>berechne.</span> <span class='ocrx_word' id='word_1_316' title='bbox 1173 2261 1421 2295; x_wconf 79' lang='lat' dir='ltr'>Sto&#39;icismus!</span> 
     </span>
    </p>
   </div>
   <div class='ocr_carea' id='block_1_10' title="bbox 101 2318 1569 2508">
    <p class='ocr_par' dir='ltr' id='par_1_10' title="bbox 101 2318 1569 2508">
     <span class='ocr_line' id='line_1_40' title="bbox 195 2318 1567 2369; baseline 0.004 -18"><span class='ocrx_word' id='word_1_317' title='bbox 195 2318 229 2351; x_wconf 86' lang='lat'>2.</span> <span class='ocrx_word' id='word_1_318' title='bbox 279 2320 473 2362; x_wconf 79' lang='lat' dir='ltr'>cogitatio,</span> <span class='ocrx_word' id='word_1_319' title='bbox 500 2318 817 2367; x_wconf 80' lang='lat' dir='ltr'>Ueberzeugung.</span> <span class='ocrx_word' id='word_1_320' title='bbox 846 2338 892 2343; x_wconf 95' lang='grc'><strong>-</strong></span> <span class='ocrx_word' id='word_1_321' title='bbox 919 2332 1028 2365; x_wconf 79' lang='lat' dir='ltr'>quum</span> <span class='ocrx_word' id='word_1_322' title='bbox 1053 2330 1102 2351; x_wconf 86' lang='lat'><strong><em>=</em></strong></span> <span class='ocrx_word' id='word_1_323' title='bbox 1128 2319 1318 2369; x_wconf 79' lang='lat' dir='ltr'>obgleich.</span> <span class='ocrx_word' id='word_1_324' title='bbox 1348 2340 1391 2347; x_wconf 92' lang='lat'><strong>—</strong></span> <span class='ocrx_word' id='word_1_325' title='bbox 1431 2324 1567 2356; x_wconf 54' lang='lat' dir='ltr'>insede*</span> 
     </span>
     <span class='ocr_line' id='line_1_41' title="bbox 101 2365 1568 2412; baseline 0.005 -16"><span class='ocrx_word' id='word_1_326' title='bbox 101 2368 176 2405; x_wconf 77' lang='lat' dir='ltr'>rat,</span> <span class='ocrx_word' id='word_1_327' title='bbox 201 2365 422 2412; x_wconf 82' lang='lat' dir='ltr'>festgesetzt</span> <span class='ocrx_word' id='word_1_328' title='bbox 447 2365 531 2398; x_wconf 88' lang='lat' dir='ltr'>scil.</span> <span class='ocrx_word' id='word_1_329' title='bbox 559 2367 699 2400; x_wconf 82' lang='lat' dir='ltr'>animo.</span> <span class='ocrx_word' id='word_1_330' title='bbox 732 2387 771 2392; x_wconf 95' lang='lat'><em>—</em></span> <span class='ocrx_word' id='word_1_331' title='bbox 800 2379 986 2401; x_wconf 75' lang='lat' dir='ltr'>concursu.</span> <span class='ocrx_word' id='word_1_332' title='bbox 1021 2368 1091 2401; x_wconf 89' lang='lat' dir='ltr'>Ed.</span> <span class='ocrx_word' id='word_1_333' title='bbox 1120 2374 1228 2402; x_wconf 87' lang='lat' dir='ltr'>vetus</span> <span class='ocrx_word' id='word_1_334' title='bbox 1257 2370 1415 2410; x_wconf 77' lang='lat' dir='ltr'>Veneta,</span> <span class='ocrx_word' id='word_1_335' title='bbox 1442 2371 1568 2403; x_wconf 71' lang='lat' dir='ltr'>Mart.-</span> 
     </span>
     <span class='ocr_line' id='line_1_42' title="bbox 101 2411 1569 2463; baseline 0.006 -20"><span class='ocrx_word' id='word_1_336' title='bbox 101 2412 194 2458; x_wconf 83' lang='lat' dir='ltr'>Lag.</span> <span class='ocrx_word' id='word_1_337' title='bbox 219 2411 305 2445; x_wconf 89' lang='lat' dir='ltr'>Sch.</span> <span class='ocrx_word' id='word_1_338' title='bbox 334 2413 426 2446; x_wconf 79' lang='lat' dir='ltr'>Liin.</span> <span class='ocrx_word' id='word_1_339' title='bbox 456 2426 627 2447; x_wconf 80' lang='lat' dir='ltr'>concussu</span> <span class='ocrx_word' id='word_1_340' title='bbox 651 2415 836 2448; x_wconf 83' lang='lat' dir='ltr'>vocabulo</span> <span class='ocrx_word' id='word_1_341' title='bbox 864 2415 1106 2449; x_wconf 81' lang='lat' dir='ltr'>Lucretiano.</span> <span class='ocrx_word' id='word_1_342' title='bbox 1138 2418 1212 2450; x_wconf 78' lang='lat' dir='ltr'>OR.</span> <span class='ocrx_word' id='word_1_343' title='bbox 1243 2436 1283 2442; x_wconf 95' lang='lat'><strong>—</strong></span> <span class='ocrx_word' id='word_1_344' title='bbox 1317 2421 1496 2463; x_wconf 75' lang='lat' dir='ltr'>proximis</span> <span class='ocrx_word' id='word_1_345' title='bbox 1523 2421 1569 2452; x_wconf 64' lang='lat' dir='ltr'>lia</span> 
     </span>
     <span class='ocr_line' id='line_1_43' title="bbox 101 2459 1166 2508; baseline 0.006 -16"><span class='ocrx_word' id='word_1_346' title='bbox 101 2462 201 2500; x_wconf 70' lang='lat' dir='ltr'>teris,</span> <span class='ocrx_word' id='word_1_347' title='bbox 228 2459 448 2508; x_wconf 59' lang='lat' dir='ltr'>Mart-Lag.</span> <span class='ocrx_word' id='word_1_348' title='bbox 478 2461 575 2494; x_wconf 84' lang='lat' dir='ltr'>coni.</span> <span class='ocrx_word' id='word_1_349' title='bbox 603 2461 690 2495; x_wconf 79' lang='lat' dir='ltr'>Sch.</span> <span class='ocrx_word' id='word_1_350' title='bbox 719 2463 813 2496; x_wconf 78' lang='lat' dir='ltr'>Liin.</span> <span class='ocrx_word' id='word_1_351' title='bbox 842 2476 945 2507; x_wconf 75' lang='lat' dir='ltr'>prosc.</span> <span class='ocrx_word' id='word_1_352' title='bbox 972 2468 1055 2498; x_wconf 78' lang='lat' dir='ltr'>tu&#39;is.</span> <span class='ocrx_word' id='word_1_353' title='bbox 1092 2465 1166 2498; x_wconf 83' lang='grc' dir='ltr'>ΟΒ.</span> 
     </span>
    </p>
   </div>
   <div class='ocr_carea' id='block_1_11' title="bbox 100 2515 1570 2762">
    <p class='ocr_par' dir='ltr' id='par_1_11' title="bbox 100 2515 1570 2762">
     <span class='ocr_line' id='line_1_44' title="bbox 197 2515 1566 2572; baseline 0.005 -20"><span class='ocrx_word' id='word_1_354' title='bbox 197 2520 230 2552; x_wconf 92' lang='grc'>3.</span> <span class='ocrx_word' id='word_1_355' title='bbox 282 2521 350 2553; x_wconf 82' lang='lat' dir='ltr'>illa</span> <span class='ocrx_word' id='word_1_356' title='bbox 374 2523 507 2559; x_wconf 75' lang='lat' dir='ltr'>valent,</span> <span class='ocrx_word' id='word_1_357' title='bbox 533 2521 685 2555; x_wconf 85' lang='lat' dir='ltr'>wirken</span> <span class='ocrx_word' id='word_1_358' title='bbox 711 2515 861 2555; x_wconf 77' lang='lat' dir='ltr'>sowohl</span> <span class='ocrx_word' id='word_1_359' title='bbox 889 2522 951 2557; x_wconf 86' lang='lat' dir='ltr'>die</span> <span class='ocrx_word' id='word_1_360' title='bbox 970 2523 1129 2557; x_wconf 86' lang='lat' dir='ltr'>Griinde</span> <span class='ocrx_word' id='word_1_361' title='bbox 1148 2517 1305 2572; x_wconf 66' lang='lat' dir='ltr'>kr&#39;ziftig‚</span> <span class='ocrx_word' id='word_1_362' title='bbox 1334 2525 1395 2558; x_wconf 87' lang='lat' dir='ltr'>die</span> <span class='ocrx_word' id='word_1_363' title='bbox 1421 2538 1455 2558; x_wconf 93' lang='lat' dir='ltr'>u.</span> <span class='ocrx_word' id='word_1_364' title='bbox 1476 2538 1500 2558; x_wconf 83' lang='lat' dir='ltr'>s.</span> <span class='ocrx_word' id='word_1_365' title='bbox 1517 2538 1566 2562; x_wconf 85' lang='lat' dir='ltr'>w.</span> 
     </span>
     <span class='ocr_line' id='line_1_45' title="bbox 100 2568 1568 2619; baseline 0.005 -21"><span class='ocrx_word' id='word_1_366' title='bbox 100 2584 147 2591; x_wconf 93' lang='lat'>—</span> <span class='ocrx_word' id='word_1_367' title='bbox 175 2568 371 2612; x_wconf 75' lang='lat' dir='ltr'>eleganter,</span> <span class='ocrx_word' id='word_1_368' title='bbox 398 2569 469 2600; x_wconf 85' lang='lat' dir='ltr'>mit</span> <span class='ocrx_word' id='word_1_369' title='bbox 494 2569 853 2615; x_wconf 78' lang='lat' dir='ltr'>geschmackvoller</span> <span class='ocrx_word' id='word_1_370' title='bbox 880 2571 1072 2605; x_wconf 83' lang='lat' dir='ltr'>Auswahl.</span> <span class='ocrx_word' id='word_1_371' title='bbox 1111 2591 1156 2596; x_wconf 92' lang='lat'>—</span> <span class='ocrx_word' id='word_1_372' title='bbox 1190 2574 1316 2617; x_wconf 75' lang='lat' dir='ltr'>Itaque</span> <span class='ocrx_word' id='word_1_373' title='bbox 1340 2574 1427 2608; x_wconf 70' lang='lat' dir='ltr'>hoc.</span> <span class='ocrx_word' id='word_1_374' title='bbox 1444 2580 1568 2619; x_wconf 78' lang='lat' dir='ltr'>.puto‚</span> 
     </span>
     <span class='ocr_line' id='line_1_46' title="bbox 103 2613 1569 2662; baseline 0.007 -16"><span class='ocrx_word' id='word_1_375' title='bbox 103 2613 231 2647; x_wconf 86' lang='lat' dir='ltr'>indess</span> <span class='ocrx_word' id='word_1_376' title='bbox 259 2614 354 2647; x_wconf 85' lang='lat' dir='ltr'>halt&#39;</span> <span class='ocrx_word' id='word_1_377' title='bbox 381 2615 445 2648; x_wconf 87' lang='lat' dir='ltr'>ich</span> <span class='ocrx_word' id='word_1_378' title='bbox 472 2615 578 2649; x_wconf 84' lang='lat' dir='ltr'>mich</span> <span class='ocrx_word' id='word_1_379' title='bbox 606 2617 705 2651; x_wconf 79' lang='lat' dir='ltr'>doch</span> <span class='ocrx_word' id='word_1_380' title='bbox 732 2618 773 2650; x_wconf 90' lang='lat' dir='ltr'>in</span> <span class='ocrx_word' id='word_1_381' title='bbox 800 2629 839 2650; x_wconf 84' lang='lat' dir='ltr'>so</span> <span class='ocrx_word' id='word_1_382' title='bbox 865 2619 976 2652; x_wconf 82' lang='lat' dir='ltr'>ferne</span> <span class='ocrx_word' id='word_1_383' title='bbox 1001 2621 1067 2652; x_wconf 82' lang='lat' dir='ltr'>fu‘r</span> <span class='ocrx_word' id='word_1_384' title='bbox 1092 2619 1252 2654; x_wconf 56' lang='lat' dir='ltr'>starker.</span> <span class='ocrx_word' id='word_1_385' title='bbox 1292 2638 1333 2645; x_wconf 95' lang='lat'>—-</span> <span class='ocrx_word' id='word_1_386' title='bbox 1370 2621 1469 2662; x_wconf 78' lang='lat' dir='ltr'>haec,</span> <span class='ocrx_word' id='word_1_387' title='bbox 1509 2622 1569 2656; x_wconf 80' lang='lat' dir='ltr'>die</span> 
     </span>
     <span class='ocr_line' id='line_1_47' title="bbox 103 2662 1570 2713; baseline 0.005 -19"><span class='ocrx_word' id='word_1_388' title='bbox 103 2663 394 2709; x_wconf 78' lang='lat' dir='ltr'>gegenw&#39;a&#39;rtige</span> <span class='ocrx_word' id='word_1_389' title='bbox 431 2663 532 2711; x_wconf 78' lang='lat' dir='ltr'>Lage</span> <span class='ocrx_word' id='word_1_390' title='bbox 569 2665 636 2697; x_wconf 75' lang='lat' dir='ltr'>der</span> <span class='ocrx_word' id='word_1_391' title='bbox 661 2665 800 2713; x_wconf 80' lang='lat' dir='ltr'>Dinge.</span> <span class='ocrx_word' id='word_1_392' title='bbox 835 2685 883 2690; x_wconf 91' lang='lat'>—</span> <span class='ocrx_word' id='word_1_393' title='bbox 925 2667 1035 2700; x_wconf 74' lang='lat' dir='ltr'>Casus</span> <span class='ocrx_word' id='word_1_394' title='bbox 1069 2671 1163 2701; x_wconf 76' lang='lat' dir='ltr'>enim</span> <span class='ocrx_word' id='word_1_395' title='bbox 1197 2669 1431 2713; x_wconf 73' lang='lat' dir='ltr'>gladiatorii,</span> <span class='ocrx_word' id='word_1_396' title='bbox 1469 2662 1570 2702; x_wconf 75' lang='lat' dir='ltr'>deun</span> 
     </span>
     <span class='ocr_line' id='line_1_48' title="bbox 103 2709 1569 2762; baseline 0.005 -21"><span class='ocrx_word' id='word_1_397' title='bbox 103 2709 164 2743; x_wconf 88' lang='lat' dir='ltr'>die</span> <span class='ocrx_word' id='word_1_398' title='bbox 197 2710 250 2742; x_wconf 83' lang='lat' dir='ltr'>als</span> <span class='ocrx_word' id='word_1_399' title='bbox 278 2710 497 2744; x_wconf 84' lang='lat' dir='ltr'>Gleichniss</span> <span class='ocrx_word' id='word_1_400' title='bbox 532 2724 806 2760; x_wconf 79' lang='lat' dir='ltr'>angezogenen</span> <span class='ocrx_word' id='word_1_401' title='bbox 832 2714 1004 2748; x_wconf 80' lang='lat' dir='ltr'>Vorfa&#39;lle</span> <span class='ocrx_word' id='word_1_402' title='bbox 1042 2714 1100 2748; x_wconf 88' lang='lat' dir='ltr'>bei</span> <span class='ocrx_word' id='word_1_403' title='bbox 1133 2715 1208 2748; x_wconf 88' lang='lat' dir='ltr'>den</span> <span class='ocrx_word' id='word_1_404' title='bbox 1240 2715 1569 2762; x_wconf 69' lang='lat' dir='ltr'>Fechterspielem</span> 
     </span>
    </p>
   </div>
   <div class='ocr_carea' id='block_1_12' title="bbox 149 2780 1296 2818">
    <p class='ocr_par' dir='ltr' id='par_1_12' title="bbox 149 2780 1296 2818">
     <span class='ocr_line' id='line_1_49' title="bbox 149 2780 1296 2818; baseline 0.003 -4"><span class='ocrx_word' id='word_1_405' title='bbox 149 2780 226 2814; x_wconf 89' lang='lat' dir='ltr'>Cic.</span> <span class='ocrx_word' id='word_1_406' title='bbox 242 2781 367 2816; x_wconf 81' lang='lat' dir='ltr'>Briefe</span> <span class='ocrx_word' id='word_1_407' title='bbox 382 2794 415 2815; x_wconf 83' lang='lat' dir='ltr'>v.</span> <span class='ocrx_word' id='word_1_408' title='bbox 429 2782 588 2816; x_wconf 73' lang='lat' dir='ltr'>Billerb.</span> <span class='ocrx_word' id='word_1_409' title='bbox 619 2784 685 2818; x_wconf 89' lang='lat'>111.</span> <span class='ocrx_word' id='word_1_410' title='bbox 915 2786 917 2789; x_wconf 87' lang='grc'><strong>’</strong></span> <span class='ocrx_word' id='word_1_411' title='bbox 1246 2780 1296 2818; x_wconf 85' lang='grc'>19</span> 
     </span>
    </p>
   </div>
  </div>
 </body>
</html>
