1795 3081
217 85 282 131 92
481 79 547 125 M.
587 76 639 123 Τ.
681 72 1020 127 CICERONIS
1055 75 1435 127 EPISTOLAE.

219 208 320 241 ante
340 199 491 239 Nonas
521 194 741 245 veniendi,
770 197 870 236 istic
900 203 942 236 te
972 196 1155 237 videbo:
1187 198 1224 236 si
1254 198 1414 245 minus,
1444 210 1683 249 persequar

219 258 266 295 in
296 255 540 296 Cumanum
569 258 614 293 et
642 257 742 292 ante
771 257 814 292 te
845 253 1082 296 certiorem
1111 254 1286 303 faciam,
1326 258 1375 294 ut
1411 252 1575 295 levatio
1607 267 1681 306 pa-

220 318 316 352 rata
349 311 419 352 sit.

325 445 646 498 EPISTOLA
685 445 1028 497 CCCCXLIX.
1093 447 1175 506 (ad
1208 448 1313 498 Att.
1350 447 1458 495 XII.
1495 448 1564 506 5.)

243 538 324 572 Sor.
352 536 395 569 in
420 535 635 570 Tusculano
662 535 772 571 initio
800 537 941 570 mensis
962 536 1086 579 Quint.
1112 536 1154 570 A.
1183 538 1227 571 U.
1256 536 1296 570 C.
1327 538 1406 572 708,
1435 536 1486 577 (a.
1514 534 1553 570 C.
1581 534 1658 574 (16.)

218 610 274 644 De
302 607 441 651 Quinto
478 607 559 640 filio
596 607 782 652 Luperco.
819 610 851 641 1.
888 607 934 641 de
973 607 1116 642 Catone
1151 618 1242 648 suo;
1280 607 1326 642 ‹le
1360 607 1472 641 rebus
1507 612 1682 656 argenta-

219 657 300 692 riis.
341 658 376 692 2.
418 655 463 688 de
490 655 771 698 quaestionibus
798 654 1020 698 quibusdam
1048 655 1254 690 historicis.
1291 659 1312 690 3
1365 655 1410 688 ‹le
1437 654 1579 688 Tirone
1606 656 1682 690 Do-

417 703 578 736 labellae
606 703 757 736 obviam
785 703 900 736 misso
928 707 964 736 et
991 703 1038 735 de
1063 703 1149 736 aliis
1176 702 1405 738 domesticis.
1444 705 1478 736 ll.

700 773 879 808 CICERO
930 772 1110 807 ATTICO
1160 772 1196 808 S.

330 846 519 900 Quintus
557 853 684 899 pater
721 850 927 898 quartum
967 846 1039 885 vel
1070 848 1217 898 potius
1248 846 1531 886 millesimum
1569 845 1682 888 nihil

194 903 349 956 sapit,
382 904 456 955 qui
487 902 676 940 laetetur
705 901 909 953 Luperco
940 900 1033 939 filio
1065 906 1109 939 et
1137 900 1298 952 Statio,
1342 907 1392 941 ut
1423 907 1575 940 cernat
1605 900 1683 941 du-

218 959 329 1012 plici
359 956 574 997 dedecore
604 957 868 996 cumulatam
899 954 1090 996 domum.
1160 955 1285 995 Addo
1326 958 1458 995 etiam
1496 956 1683 997 Philoti-

217 1027 337 1053 mum
367 1013 562 1054 tertium.
622 1012 657 1053 Ο
679 1011 932 1061 stultitiam,
963 1011 1048 1049 nisi
1077 1023 1171 1049 mea
1203 1014 1348 1053 maior
1379 1017 1503 1061 esset⁷
1534 1013 1683 1066 singu-

217 1128 341 1162 Varro
381 1128 475 1162 ietzt
507 1136 599 1160 war.
646 1144 693 1150 —
725 1138 924 1171 persequar
949 1130 986 1159 te
1013 1128 1050 1159 in
1081 1126 1194 1165 Cum„
1230 1136 1269 1159 so
1308 1125 1406 1158 zieh’
1439 1124 1505 1163 ich
1540 1124 1612 1157 Dir
1644 1123 1684 1156 in

218 1176 316 1209 Dein
344 1175 558 1209 Cumanum
586 1173 698 1207 nach.
738 1192 777 1198 ———
820 1176 972 1214 lavatio,
1007 1173 1071 1206 ein
1097 1173 1173 1205 Bad
1199 1174 1263 1207 fiir
1289 1173 1408 1214 mich,
1449 1173 1684 1204 instrumen-

217 1229 298 1257 tum
325 1224 514 1257 balneare.
547 1221 706 1255 Phaedr.
735 1221 821 1254 Fab.
849 1224 907 1257 63.
935 1223 1156 1255 lavationem
1181 1227 1405 1266 argenteam,
1438 1219 1651 1255 GRONOV.

316 1300 346 1330 1.
386 1296 542 1339 Quintus
564 1299 675 1338 pater·
699 1292 915 1336 (Ciceronis
934 1294 1071 1333 frater)
1096 1298 1308 1337 quartum..
1324 1295 1455 1336 .sapit‚
1482 1292 1556 1331 „ist
1574 1291 1684 1324 nicht

219 1354 301 1377 nur
329 1343 393 1377 ein
431 1341 662 1381 vierfacher,
703 1340 870 1374 sondern
908 1340 970 1374 ein
1005 1340 1303 1374 tausendfacher
1335 1339 1455 1379 Geck‚
1482 1342 1545 1384 qui
1568 1350 1615 1370 Ξ
1641 1344 1685 1371 ut

219 1396 306 1431 cet„
347 1391 428 1423 dass
455 1401 497 1422 er
522 1389 607 1422 sich
634 1388 737 1421 noch
773 1388 852 1422 viel
891 1388 1028 1420 darauf
1061 1400 1108 1420 zu
1142 1388 1243 1420 Gute
1277 1386 1373 1425 thur,
1412 1387 1544 1421 seinen
1577 1386 1685 1420 Sohn

217 1451 306 1471 zum
340 1438 538 1482 Lupercus
573 1434 752 1483 gemacht
790 1435 867 1468 und
903 1434 983 1468 ihm
1021 1434 1123 1469 noch
1158 1435 1291 1468 seinen
1331 1434 1513 1481 Liebling·
1545 1434 1685 1467 Statius

217 1498 306 1520 zum
342 1485 539 1520 Gehiilfen
573 1484 796 1531 zugegeben
831 1495 877 1516 zu
910 1482 1047 1524 haben,
1086 1483 1210 1515 damit
1245 1494 1287 1516 er
1317 1483 1352 1516 ia
1378 1483 1461 1515 sein
1486 1483 1587 1515 Haus
1614 1481 1686 1514 mit

218 1534 344 1568 einem
372 1532 579 1578 doppelten
606 1531 726 1565 Fleck
750 1530 1029 1578 angeschmitzt
1063 1529 1192 1564 sehe.“
1242 1531 1376 1564 Frater
1401 1530 1547 1571 multis,
1588 1540 1684 1572 quae

218 1582 293 1615 iam
319 1587 431 1615 antea
457 1580 573 1613 stulte
600 1580 705 1617 fecit,
732 1590 836 1611 nunc
858 1590 994 1612 novam
1013 1578 1159 1611 addidit
1176 1578 1394 1618 stultitiam,
1421 1589 1537 1620 quum
1556 1577 1683 1610 filium

217 1641 326 1663 suum
353 1628 540 1673 Lupercis
566 1626 729 1660 adscribi
756 1626 908 1660 iusserit
934 1626 1084 1670 duoque
1113 1625 1270 1659 libertos
1310 1626 1346 1659 ei
1384 1626 1422 1657 in
1460 1626 1535 1658 hoc
1563 1637 1685 1657 sacer-

218 1677 324 1711 dotio
351 1675 581 1716 adiunxerit,
609 1674 772 1708 Statium
801 1679 837 1706 et
864 1673 1129 1709 Philotimum.
1158 1674 1260 1708 SCH.
1306 1673 1378 1706 Die
1405 1673 1686 1720 Unanst'eindig-

219 1725 363 1765 keiten,
396 1722 547 1758 welche
586 1722 669 1755 sich
708 1722 769 1755 die
796 1721 964 1766 Luperci
1004 1720 1097 1753 oder
1131 1721 1394 1765 Panspriester
1431 1732 1478 1753 an
1506 1721 1591 1753 ‹lem
1620 1732 1682 1752 am

221 1775 274 1807 15.
300 1772 471 1806 Februar
495 1782 567 1803 zur
591 1770 698 1803 Ehre
725 1769 788 1803 <les
816 1771 907 1803 Pans
934 1769 1147 1816 gefeierten
1176 1769 1408 1807 Volksfeste‚
1437 1768 1682 1812 Lupercalia,

218 1817 523 1854 heransnehmen
550 1823 730 1857 mussten,
780 1817 863 1850 sind
897 1816 1150 1863 hinl'a’nglich
1194 1816 1370 1851 bekannt.
1446 1816 1508 1849 Sie
1553 1827 1685 1849 waren

219 1868 341 1902 sehon
365 1878 438 1900 zur
462 1865 550 1899 zeit
578 1865 640 1898 des
667 1865 850 1900 Romulus
884 1864 925 1897 in
952 1865 1049 1898 zwei
1085 1864 1304 1901 sodalitates
1340 1864 1517 1911 getheilt,
1557 1864 1597 1895 in
1624 1863 1685 1895 die

220 1915 376 1950 Fabiani
407 1914 487 1947 und
520 1913 762 1956 Quintiliani,
808 1925 855 1947 zu
897 1912 1019 1946 denen
1065 1911 1158 1946 ietzt
1202 1912 1303 1946 noch
1341 1912 1400 1948 die
1437 1912 1579 1945 Iuliani
1614 1922 1686 1943 zur

219 1962 325 1998 Ehre
351 1963 413 1996 des
440 1962 570 1995 C'eisars
596 1960 868 1997 hinzukamen.
910 1959 1052 1993 Schiitz
1080 1959 1269 1993 bemerkt:
1309 1958 1496 2000 Fuerunt,
1525 1959 1591 2003 qui
1617 1971 1687 2003 pu-

220 2015 347 2044 tarent
374 2009 503 2052 Quinti
531 2008 656 2045 filium
683 2008 868 2053 Lupercis
897 2007 1006 2040 tuliis
1042 2007 1254 2051 ascriptum
1286 2008 1401 2041 fuisse
1429 2007 1470 2039 in
1497 2007 1686 2040 honorem

221 2058 312 2093 Iulii
337 2057 505 2095 Caesaris
533 2056 731 2095 institutis,
786 2056 930 2089 Verum
965 2054 1007 2091 hi
1043 2066 1120 2091 non
1155 2055 1260 2099 prius
1288 2067 1400 2099 quam
1430 2056 1512 2099 jmst
1539 2055 1685 2089 belluni

221 2105 473 2151 Hispaniense
499 2115 599 2138 anno
626 2107 694 2142 709
721 2103 887 2136 instituti
916 2102 1105 2137 videntur.
1135 2119 1176 2127 -—
1207 2105 1341 2143 Statio,
1370 2103 1501 2146 Quinti
1529 2103 1686 2136 Cicero-

223 2154 282 2187 nis
307 2153 427 2198 patris
456 2152 608 2194 liberto,
642 2163 756 2196 quem
791 2151 858 2186 ille
892 2150 1127 2184 carissimum
1155 2150 1324 2184 habebat.
1360 2169 1407 2176 —
1438 2152 1543 2185 Addo
1575 2154 1688 2183 etiam

224 2202 355 2236 Philet.
382 2203 534 2234 tertium
561 2199 736 2241 dedecus,
772 2199 865 2233 weil
901 2210 943 2232 er
969 2197 1041 2231 den
1076 2198 1220 2231 dritten
1248 2200 1360 2231 Mann
1391 2199 1499 2232 (labei
1538 2198 1685 2242 spielte.

221 2249 364 2284 Schiitz
401 2247 644 2284 vermuthet:
679 2248 771 2281 adde
806 2250 928 2280 ctiam.
963 2264 1010 2270 —
1048 2248 1122 2279 nisi
1151 2259 1243 2284 mea,
1281 2246 1370 2280 Sch.
1393 2259 1489 2291 susp.
1515 2249 1587 2279 uisi
1608 2249 1687 2280 alsa

222 2300 344 2332 maior
369 2301 457 2330 esset
482 2295 570 2329 scil.
599 2295 732 2338 Quinti
760 2295 939 2331 stultitia,
974 2294 1056 2328 Hoc
1075 2293 1169 2328 bene
1189 2294 1393 2339 respondet
1413 2294 1526 2327 initio
1548 2295 1685 2338 episto-

223 2346 295 2379 lae.
324 2344 471 2382 Similis
491 2343 589 2377 ratio
608 2348 662 2378 est
680 2348 774 2377 orat.
798 2353 869 2388 pro
891 2342 1045 2375 Rabirio
1065 2342 1240 2375 Postumo
1265 2354 1295 2374 c.
1320 2345 1359 2377 9:
1379 2344 1440 2376 secl
1461 2343 1567 2375 huius
1581 2345 1689 2376 istius

216 2392 323 2437 facti
342 2394 546 2426 stultitiam
567 2394 733 2434 superior
753 2393 917 2424 stultitia
937 2389 1108 2434 defendit.
1137 2390 1321 2423 Manutius
1342 2389 1579 2437 vertheidigt
1595 2403 1688 2431 mea,

225 2452 264 2476 so
283 2440 365 2474 dass
381 2440 519 2474 Cicero
536 2438 619 2472 sich
637 2438 712 2472 (len
728 2437 1077 2479 Vol-wurfmache,
1106 2438 1150 2470 ob
1173 2450 1209 2471 es
1228 2437 1306 2470 ihm
1330 2437 1437 2471 nicht
1464 2438 1541 2470 viel
1567 2438 1688 2470 weni-

226 2500 307 2538 ger,
335 2488 388 2522 als
416 2487 502 2521 dem
520 2486 696 2529 Quintus,
724 2499 772 2519 zu
798 2485 1009 2520 verzeihen
1036 2485 1100 2524 sei,
1126 2498 1243 2519 wenn
1271 2496 1323 2525 er,
1351 2486 1420 2519 der
1446 2484 1687 2532 vorm-‘dilige

225 2538 359 2570 Retter
397 2535 462 2569 des
498 2534 717 2575 Freistaats‚
764 2534 858 2567 ietzt
899 2533 984 2567 dem
1024 2533 1316 2567 Unterdriicker
1355 2533 1549 2566 desselben
1587 2533 1690 2566 seine

225 2583 457 2630 Huldigung
499 2582 737 2616 darbr'aichte.
808 2582 939 2629 Georg·
974 2580 1177 2614 Friedrich
1212 2581 1425 2615 Grolescnd
1468 2581 1692 2614 vermuthet

227 2631 317 2665 sehr
342 2629 606 2677 scharfsinnig
633 2630 711 2662 und
737 2628 955 2662 zutreffend
980 2632 1018 2662 in
1045 2642 1086 2662 ea
1112 2633 1198 2661 statt
1216 2642 1307 2663 mea.
1359 2630 1469 2662 Denn
1491 2629 1560 2660 mit
1582 2628 1691 2661 iener

226 2677 416 2712 Thorheit
444 2689 527 2711 war
553 2677 614 2711 die
643 2677 745 2710 noch
779 2677 953 2724 grossere
990 2677 1214 2720 verkniipst‚
1248 2677 1328 2710 dass
1360 2689 1414 2718 er,
1452 2675 1513 2709 ein
1547 2687 1585 2709 so
1621 2677 1696 2709 tief

227 2727 267 2759 in
294 2724 496 2760 Schulden
524 2725 755 2760 steckender
779 2727 904 2768 Manu,
931 2724 994 2760 das
1022 2723 1122 2760 Geld
1147 2735 1217 2758 zur
1243 2724 1488 2772 Bestreitung
1524 2724 1591 2758 dei·
1618 2724 1691 2758 Ko-
