1795 3081
200 85 297 133 316
465 82 531 129 M.
569 81 622 128 T.
659 60 1008 129 CICERONIS
1043 79 1421 129 EPISTOLAE.

158 207 323 248 2tione
352 204 411 244 sit
440 203 564 242 illius
593 202 738 240 maior
766 200 978 241 laudatio.
1039 200 1167 254 Quod
1197 215 1277 254 per
1294 201 1533 241 Mustelam
1562 201 1670 256 agis,

200 261 334 300 habes
376 260 601 297 hominem
637 255 768 296 valde
806 257 1016 297 idoneum
1055 258 1230 310 meique
1281 270 1384 297 sane
1425 255 1670 296 studiosum

200 318 290 355 iam
321 313 424 353 inde
463 327 488 353 a
517 313 748 352 Pontiano.
815 312 981 352 Perfice
1024 313 1165 368 igitur
1203 311 1388 365 aliquid.
1447 310 1565 363 Quid
1594 324 1670 349 au-

200 378 290 411 tem
319 368 457 420 aliud,
489 370 574 407 nisi
603 374 654 407 ut
683 366 828 406 aditus
858 370 916 407 sit
945 369 1168 421 emptori?
1214 367 1332 420 quod
1362 379 1442 420 per
1471 367 1691 420 quemvis¹

200 424 410 466 heredem
439 430 586 477 potest
615 423 744 462 effici.
804 422 891 463 Sed
920 423 1161 463 Illustelam
1197 422 1244 461 id
1284 425 1602 476 perfecturum,
1632 421 1670 459 si

200 482 391 537 rogaris,
421 486 544 533 puto,
603 478 722 517 Mihi
762 492 871 518 vero
910 486 954 518 et
992 479 1155 529 locum,
1201 491 1330 531 quem
1360 484 1481 532 opto,
1522 476 1578 516 ad
1606 475 1669 526 id,

201 536 321 590 quod
349 536 570 585 volumus,
600 532 774 572 dederis
805 541 848 574 et
876 540 1108 587 praeterea
1144 530 1379 590 ἐγγήραμα.
1446 531 1561 573 Nam
1590 532 1670 570 illa

201 592 307 632 Silii
348 597 392 630 et
428 591 567 630 Drusi
612 602 700 627 11011
751 591 857 629 satis
902 586 1247 631 οἱκοόεσποτικά
1288 589 1399 627 mihi
1445 587 1669 628 videntur.

202 646 322 700 Quid
351 647 469 685 enim
498 644 650 685 sedere
686 650 803 684 totos
833 645 924 684 dies
954 648 1000 684 in
1029 646 1173 685 villa?
1214 644 1301 684 Ista
1330 645 1471 700 igitur
1500 644 1668 692 malim,

201 704 396 756 primum
428 701 631 750 Othonis,
662 698 818 740 deinde
850 700 1045 740 Clodiae.
1096 700 1144 740 Si
1167 701 1281 739 nihil
1304 701 1392 751 fiet,
1423 705 1500 739 aut
1520 699 1668 737 Druso

160 755 332 798 3ludus
377 764 442 796 est
478 754 778 811 suggerendus
825 762 902 795 aut
946 756 1156 796 utendum
1193 756 1461 796 Tusculano.
1540 752 1669 805 Quod

203 814 324 853 domi
366 819 409 852 te
449 812 686 860 inclusisti,
725 812 900 850 ratione
941 813 1100 851 fecisti.
1173 810 1260 850 Sed
1302 824 1463 863 quaeso
1503 809 1669 848 confice

203 876 248 909 et
286 875 329 908 te
367 880 558 907 vacuum
595 864 730 905 redde
761 867 900 905 nobis.
970 868 1059 921 Ego
1100 867 1219 916 hinc,
1258 873 1309 906 ut
1338 866 1494 918 scripsi
1525 871 1669 914 antea,

201 923 418 979 postridie
451 922 556 961 Idus
585 922 853 969 Lanuvium,
893 921 1050 961 deinde
1078 921 1294 975 postridie
1325 923 1370 960 in
1401 921 1668 960 Tusculano.

203 978 397 1022 contudi
428 979 545 1017 enim
573 979 768 1015 animum
799 984 842 1016 et
875 979 1062 1017 fortasse
1091 979 1198 1028 vici,
1237 979 1274 1015 si
1303 976 1435 1016 modo
1464 989 1667 1030 perman-

158 1040 315 1079 4ser0.
374 1033 496 1074 Scies
527 1035 670 1089 igitur
701 1034 887 1072 fortasse
918 1046 1030 1085 cras,
1061 1047 1279 1073 summum
1307 1031 1531 1086 perendie.
1582 1029 1669 1070 Sed

297 1178 331 1213 2.
380 1188 449 1222 per
472 1175 668 1209 Mustelam
693 1177 776 1220 agis
814 1174 860 1208 de
893 1174 1030 1217 hortis,
1068 1174 1148 1207 dass
1181 1174 1242 1207 Du
1276 1173 1378 1206 Dich
1413 1172 1476 1205 des
1509 1172 1670 1205 Mustela

202 1237 293 1259 zum
328 1223 629 1259 Unterhandeln
666 1223 851 1264 bedienst,
891 1223 1007 1255 daran
1039 1221 1145 1255 thust
1176 1222 1237 1255 Du
1273 1220 1403 1261 wohl,
1443 1232 1530 1252 nam
1563 1220 1670 1254 habes

203 1280 278 1310 cet.
311 1273 346 1307 S.
373 1285 422 1305 zu
449 1283 504 1316 ep.
532 1274 615 1313 563,
641 1273 677 1306 4⁷.
716 1272 876 1304 Mustela
903 1270 1061 1304 coheres
1089 1270 1229 1314 Crispi.
1262 1269 1343 1303 Vid.
1370 1267 1416 1301 ad
1440 1268 1557 1303 Attio.
1583 1267 1669 1308 XII,

202 1325 237 1357 5.
274 1321 375 1359 XIII,
401 1323 433 1355 3.
468 1339 514 1344 -
549 1322 624 1353 iam
649 1320 731 1353 inde
757 1333 779 1352 α
808 1320 999 1358 Pontiano,
1035 1317 1154 1351 sehon
1188 1329 1277 1351 vom
1306 1316 1456 1349 Handel
1482 1315 1545 1348 des
1571 1317 1669 1348 Pon-

201 1371 330 1403 tianus
356 1369 453 1409 her,
490 1380 510 1401 a
537 1378 612 1411 quo
639 1372 816 1412 tempore
843 1367 924 1400 eius
942 1367 1112 1404 ¹amicum
1139 1366 1204 1398 vel
1229 1364 1381 1399 affinem
1406 1363 1558 1397 defendi
1573 1365 1670 1397 Pon—

202 1419 362 1452 tianum.
396 1417 579 1450 MANUT.
614 1416 684 1457 „in
720 1415 829 1448 einer
861 1415 1105 1448 Privatsache
1140 1425 1212 1447 vor
1245 1413 1330 1446 dein
1368 1414 1510 1446 Pr'zitor.
1544 1431 1591 1436 -
1630 1417 1671 1444 ut

202 1468 328 1501 aditus
352 1468 403 1499 sit
428 1467 596 1511 emptori,
624 1465 706 1497 dass
733 1463 795 1497 ein
822 1463 930 1496 ieder
949 1464 1091 1496 K’a'ufer
1115 1462 1175 1495 bei
1204 1461 1273 1495 der
1298 1460 1463 1494 Auction
1490 1459 1554 1493 (les
1580 1459 1670 1493 Sca-

201 1513 463 1560 pulanischen
489 1513 605 1546 Parks
640 1512 787 1545 Zutritt
825 1511 946 1553 habe,
984 1516 1027 1543 ut
1053 1510 1237 1555 Scapulae
1275 1509 1382 1542 horti
1419 1509 1461 1541 in
1495 1508 1669 1542 auctione

201 1567 382 1597 veneant.
419 1561 614 1596 Warum‘?
653 1572 680 1593 s.
709 1571 767 1604 ep.
792 1561 876 1600 562,
901 1561 934 1594 2.
969 1561 1052 1600 567,
1080 1562 1113 1593 [1.
1144 1577 1185 1583 -
1212 1559 1263 1591 ad
1289 1559 1339 1598 id,
1375 1558 1471 1602 quod
1492 1559 1668 1596 volumus,

202 1614 500 1645 monumentum
525 1608 691 1642 Tulliae.
717 1627 764 1632 --
790 1610 942 1649 dederis,
979 1606 1150 1641 wiirdest
1182 1605 1232 1638 du
1266 1605 1440 1638 dadurch
1474 1604 1670 1638 versellas-

202 1660 280 1694 fen.
309 1677 350 1684 —
378 1656 588 1704 ἐγγήραμ
602 1670 636 1697 α,
661 1657 887 1703 perfugium
915 1655 1132 1693 senectutis,
1159 1654 1246 1688 eine
1266 1653 1448 1686 Zussucht
1471 1654 1537 1685 fiir
1562 1652 1668 1685 mein

202 1707 325 1741 Alter.
373 1707 466 1740 Vol.
505 1716 561 1748 ep.
598 1706 667 1740 5343
703 1717 764 1738 am
806 1704 927 1737 Ende.
963 1723 1010 1727 —
1059 1716 1130 1736 non
1169 1704 1262 1735 satis
1301 1698 1668 1741 οἰκηδεσποῑικά,

202 1757 266 1788 fiir
295 1738 664 1788 ei11en³Ha11sherrn
692 1752 804 1785 nicht
830 1753 1005 1796 hequem,
1041 1751 1150 1783 nicht
1183 1748 1420 1795 eintr'a'glich
1454 1760 1594 1795 geuug.
1625 1767 1667 1773 —

201 1805 333 1845 sedere,
371 1802 452 1834 still
484 1801 619 1842 simon,
658 1800 838 1847 unth'zitig
865 1800 959 1833 sein.
998 1799 1125 1833 Ueber
1163 1798 1237 1831 den
1265 1797 1412 1830 Infinit.
1449 1797 1518 1830 der
1544 1798 1668 1843 Frage

202 1864 231 1885 s.
259 1849 408 1883 Ramsh.
436 1851 463 1893 ᾗ.
492 1851 572 1886 168,
599 1852 632 1884 6.
670 1850 816 1883 Grotef.
844 1850 872 1891 §.
899 1851 981 1888 311,
1008 1848 1116 1879 Anni.
1142 1865 1189 1870 —
1222 1846 1264 1879 In
1292 1847 1413 1878 villa?
1448 1846 1526 1879 Ista
1553 1848 1669 1890 igitur

202 1903 308 1933 recte
336 1898 514 1931 distinxit
539 1897 620 1930 Bos.
649 1900 686 1931 in
712 1899 803 1930 villa
829 1899 930 1930 ista?
954 1897 1077 1941 1gitur
1104 1895 1199 1929 Cett.
1230 1895 1302 1928 ΟΒ.
1335 1911 1381 1917 ·-
1413 1894 1454 1926 Si
1477 1894 1668 1937 ni'hilfiez‘,

201 1959 321 1981 wenn
360 1947 504 1979 Daraus
542 1945 679 1979 Nichts
712 1945 828 1978 wird.
869 1964 916 1969 —
957 1950 1024 1978 aut
1061 1946 1384 1987 Druso..suggcr.,
1419 1953 1485 1982 „so
1519 1944 1666 1975 iniisse-11

202 1995 295 2030 Wir
334 1993 535 2027 enm-eder
570 1994 656 2027 dem
691 1994 836 2026 Drusus
871 1993 955 2026 eine
990 1994 1087 2025 Naso
1122 1990 1310 2025 drcheufi‘
1372 1989 1507 2022 Dieser
1532 1990 1667 2023 wollte

203 2054 282 2076 von
309 2042 475 2075 Cicero’s
503 2042 712 2088 Ungeduld
737 2041 913 2075 Vortheil
939 2040 1079 2074 ziehen
1112 2039 1192 2072 und
1219 2043 1377 2083 spannie
1405 2037 1577 2072 (lesshalb
1606 2038 1667 2071 die

205 2091 335 2125 Saiten
361 2090 597 2138 iiberm‘assig
630 2088 744 2123 lioch.
785 2090 820 2123 S.
850 2101 907 2133 ep.
934 2091 1015 2127 570,
1040 2092 1084 2124 3:
1123 2088 1190 2130 „Si
1216 2087 1333 2120 Silius
1361 2086 1480 2127 nolet,
1521 2086 1666 2119 Drusus

202 2144 291 2186 aget
317 2138 498 2172 iniuste.“
548 2138 719 2182 Aliquod
747 2138 917 2171 malitiae
944 2149 1064 2184 genus
1092 2141 1147 2169 est
1174 2134 1481 2181 excogitandum,
1516 2139 1556 2166 ut
1582 2145 1667 2168 suos

201 2186 310 2221 nobis
336 2186 468 2219 hortos
497 2185 640 2219 Drusus
666 2185 804 2219 vendat
830 2185 1010 2229 aequiore
1036 2184 1175 2229 pretio.
1214 2182 1395 2218 MANUT.

299 2249 332 2281 3.
383 2247 579 2282 inclusisti,
605 2250 647 2278 ut
672 2246 841 2278 rationes
868 2246 1089 2279 conficeres,
1125 2263 1166 2268 -—
1200 2246 1339 2277 ratione
1364 2241 1508 2285 fecisti,
1546 2241 1666 2274 daran

201 2294 287 2327 hast
313 2294 374 2327 Du
408 2293 636 2340 vernunstig
672 2294 828 2341 gethan.
862 2293 897 2327 S.
933 2306 990 2338 ep.
1018 2292 1204 2333 DLXXII,
1231 2292 1298 2325 sub
1324 2291 1414 2324 fine.
1451 2310 1498 2314 —
1537 2291 1667 2334 confice

201 2342 383 2383 rationes,
409 2340 533 2382 mach,
574 2341 655 2373 dass
690 2342 749 2374 Du
789 2341 907 2374 (lamit
941 2341 1057 2387 fcrtig
1091 2340 1209 2375 wirst.
1243 2359 1291 2364 —
1328 2345 1361 2372 te
1386 2351 1538 2372 vacuum
1564 2340 1669 2372 redde

201 2392 315 2427 nobis,
352 2389 434 2421 und
467 2387 584 2422 suche
620 2391 740 2424 Musse
774 2391 836 2422 fiir
868 2389 972 2422 mich
1007 2402 1055 2421 zu
1087 2389 1309 2435 gewinnen.
1349 2405 1395 2411 -
1435 2393 1563 2428 antea,
1606 2399 1662 2431 ep.

202 2438 407 2477 DLXXIII,
436 2440 470 2470 1.
509 2437 652 2476 DLXX,
681 2441 712 2472 1.
745 2457 791 2462 —-
826 2439 986 2472 Contuch‘
1017 2440 1110 2470 enim
1144 2439 1320 2476 animam,
1353 2435 1455 2468 denn
1482 2435 1546 2467 ich
1573 2433 1666 2468 habe

201 2486 370 2519 meincm
397 2485 550 2518 Herzen
577 2486 697 2518 sehon
725 2487 875 2520 Gcwall
902 2485 1105 2532 angethan.
1148 2485 1195 2518 So
1223 2496 1279 2528 ep.
1308 2483 1450 2525 DLXV,
1477 2485 1519 2518 2:
1548 2494 1666 2526 quum

200 2535 425 2581 frangerem
453 2533 529 2565 iam
555 2533 635 2577 ipse
662 2546 733 2568 me.
766 2554 805 2559 -——
841 2538 912 2568 vici
937 2534 1106 2567 animum
1143 2533 1236 2573 (wie
1263 2543 1321 2576 ep.
1350 2532 1462 2572 576.)‚
1489 2530 1578 2572 „ich
1599 2531 1664 2563 bin

202 2582 323 2615 sehon
350 2582 454 2614 Herr
480 2581 573 2613 iibcr
600 2582 753 2615 meinen
780 2581 1004 2616 Schnerzf‘
1030 2581 1157 2615 Tullia
1186 2592 1267 2614 war
1292 2580 1345 2612 im
1366 2579 1583 2612 Tusculano
1599 2590 1661 2625 ge-

202 2630 370 2670 storben,
405 2639 466 2662 wo
501 2629 554 2662 sie
581 2629 663 2662 sich
691 2630 854 2664 erholen
881 2631 1025 2664 wollle.
1059 2649 1106 2655 -—
1147 2640 1376 2672 permansero
1412 2627 1452 2659 in
1476 2625 1547 2659 hac
1574 2637 1663 2659 con*

203 2679 392 2718 tentione,
419 2688 534 2710 wenn
562 2677 626 2710 ich
654 2678 714 2712 bei
742 2679 884 2713 diesem
912 2680 1069 2723 Kainpse
1095 2676 1266 2711 beliarre.
1296 2694 1341 2701 —-
1366 2687 1556 2717 summum,
1583 2674 1663 2707 Asc.

203 2737 261 2770 pr.
293 2726 344 2758 ad
365 2736 554 2766 summum,
581 2725 786 2772 l‘cingstcns.
