1795 3081
460 72 777 122 EPISTOLA
817 72 1140 124 DLXXXIX.
1441 76 1536 123 335

69 197 350 247 mulieribus,
389 194 507 249 quod
536 197 600 235 ita
629 193 894 248 reperirent,
935 208 1027 234 rem
1059 208 1146 235 non
1174 195 1388 236 maiorem
1420 212 1539 238 occe.

69 254 173 293 Hoc
202 253 359 305 putavi
396 259 439 291 te
479 253 595 291 scire
633 255 854 304 oportere.
924 250 990 290 De
1021 252 1164 291 hortis
1194 266 1247 292 ex
1275 255 1364 291 tuis
1394 245 1582 292 literisZ

0 342 1 358 ¹
71 309 265 363 cognovi
295 314 339 347 et
369 307 633 360 Chrysippo.
697 305 747 344 In
777 304 899 352 villa,
945 307 1070 345 cuius
1105 308 1399 347 insulsitatem
1430 310 1541 347 bene

0 364 1 421 l
71 377 244 414 noram,
280 362 413 403 video
443 363 556 401 nihil
595 367 672 401 aut
711 372 851 413 pauca
888 368 1070 400 mutata.
1128 362 1363 402 Balnearia
1391 370 1541 402 tamen

0 423 1 439 ¹
73 419 228 458 laudat
267 420 462 457 maiora:
506 416 559 456 de
603 416 851 456 minoribus
901 418 963 456 ait
1006 417 1193 456 hiberna
1241 419 1357 457 effici
1400 432 1541 472 posse.

73 475 214 515 Tecta
244 475 384 528 igitur
412 471 789 512 ambulatiuncula
819 469 1018 510 addenda
1061 479 1148 511 est:
1188 486 1318 525 quam
1356 480 1406 514 ut
1443 481 1541 513 tan-

0 546 2 573 ι
75 538 163 569 tam
194 531 421 577 faciamus,
463 533 670 580 quantam
699 529 745 565 in
776 526 1029 565 Tusculano
1067 529 1265 578 fecimus,
1305 542 1443 583 prope
1474 529 1542 568 di-

0 574 3 645 }
73 584 211 625 midio
241 585 427 623 minoris
458 583 680 621 constabit
719 584 804 620 isto
842 582 956 621 loco,
1029 582 1096 622 Ad
1133 582 1179 621 id
1218 590 1380 634 autern,
1426 583 1544 637 quod

0 697 3 713 l

2 764 3 781 l

2 814 3 832 l

73 640 294 689 volumus,
318 634 562 694 ἀφίδρυμα,
592 637 705 676 nihil
728 638 872 690 aptius
892 636 1073 677 videtur
1093 651 1222 691 quam
1240 639 1383 690 lucus⁷
1412 653 1543 692 quein

75 708 155 750 ego
187 707 371 733 noram:
412 692 488 732 sed
518 694 824 732 celebritatem
853 693 1020 732 nullam
1048 700 1142 732 turn
1172 694 1381 734 habebat:
1426 708 1544 735 nuno

76 750 207 791 audio
248 750 496 788 maximam.
555 748 684 788 Nihil
724 754 805 800 est,
848 748 966 801 quod
1009 762 1090 804 ego
1128 751 1295 790 malim.
1365 749 1416 788 In
1457 751 1543 789 hoo

74 805 150 847 τὸν
177 800 318 859 τύφου
350 819 439 856 μου
475 802 590 860 πρὸς
623 803 743 845 θεῶν
770 798 1127 860 τροποφόρησον.
1184 804 1424 858 Reliquum
1463 813 1544 857 est,

77 863 114 900 si
152 861 362 900 Faberius
401 860 528 898 nobis
568 872 728 899 nomen
765 858 880 898 illud
920 861 1136 912 explicat5
1178 861 1272 900 noli
1313 874 1544 913 quaerere,

77 917 256 970 quanti:
303 915 522 955 Othonem
551 916 702 955 vincas
737 915 855 954 volo.
925 914 1020 954 Nec
1058 921 1204 955 tamen
1247 917 1544 956 insaniturum

77 974 206 1014 illum
236 978 355 1024 puto.
396 973 538 1013 Nosse
568 972 684 1010 enim
714 970 823 1009 mihi
854 970 1075 1010 hominem
1105 970 1276 1011 videor.
1335 971 1401 1011 Ita
1430 973 1546 1010 male

78 1034 225 1069 autem
255 1026 387 1065 audio
419 1028 561 1079 ipsum
592 1039 683 1066 esse
718 1032 973 1076 tractatum,
1017 1032 1067 1064 ut
1106 1027 1217 1066 mihi
1253 1027 1333 1066 ille
1371 1034 1547 1080 emptor

80 1097 166 1122 non
197 1095 289 1121 esse
317 1081 536 1122 videatur.
598 1080 714 1134 Quid
744 1082 889 1120 enim?
919 1085 1179 1133 pateretur?
1220 1081 1308 1121 Sed
1337 1082 1442 1135 quid
1473 1078 1588 1121 air-3

78 1140 341 1194 gumentor?
383 1138 421 1177 si
450 1137 742 1177 Faberianum
782 1137 990 1189 explicas,
1032 1148 1224 1177 emamus
1253 1138 1326 1178 vel
1356 1150 1546 1193 magno:

81 1278 140 1311 die
167 1276 287 1310 sehon
313 1276 414 1310 viele
441 1277 599 1310 M‘a'nner
631 1275 772 1323 gehabt
804 1274 910 1310 habe.
946 1294 988 1302 —
1023 1277 1224 1322 probatum
1250 1276 1332 1311 scil.
1359 1275 1549 1309 Thalnam

81 1326 304 1366 mulieribus,
341 1325 457 1357 matri
497 1331 532 1358 et
567 1324 683 1358 filiae.
712 1324 839 1358 Dativ.
879 1324 1013 1359 Graec.
1050 1330 1138 1359 statt
1171 1337 1192 1358 a
1224 1324 1466 1358 mulieribus.
1511 1324 1547 1357 ὃ,

82 1373 233 1408 Ramsh.
262 1373 289 1416 ξ.
319 1375 398 1408 124.
435 1373 579 1407 Grotef.
608 1374 635 1415 ᾗ.
663 1375 743 1410 249,
764 1393 805 1398 -
833 1376 1046 1417 reperirent,
1074 1373 1171 1406 Ern.
1192 1384 1290 1416 susp.
1319 1374 1549 1417 reperissent.

85 1442 131 1447 —-
160 1433 233 1455 rem
258 1434 329 1455 non
355 1422 532 1455 maim-em
564 1432 677 1461 nece„
713 1420 793 1452 dass
831 1420 911 1453 sein
938 1421 1159 1468 Verm'ogen
1195 1420 1279 1453 sich
1314 1420 1424 1453 nicht
1457 1420 1552 1454 iiber

84 1473 240 1510 800‚000
266 1468 477 1502 Sestertien
503 1479 550 1499 Ξ
576 1472 708 1508 80‚000
735 1468 888 1501 Gulden
914 1468 1073 1502 belaufe.
1106 1489 1147 1494 —
1174 1472 1265 1503 scire
1291 1472 1408 1514 oport.
1450 1468 1552 1500 Atti-

87 1531 150 1552 cus
179 1519 404 1552 Ciceronem
444 1517 489 1551 de
515 1517 589 1550 hoc
615 1517 763 1550 Thalna
791 1517 1025 1550 consuluisse
1063 1516 1232 1556 videtur,
1271 1516 1374 1560 quod
1409 1516 1444 1550 ei
1469 1517 1552 1549 for-

85 1574 178 1600 tasse
207 1563 443 1612 cogitaverat
470 1566 666 1612 virginem
690 1564 760 1597 sibi
781 1564 1010 1612 cognatione
1027 1565 1089 1598 vel
1110 1564 1283 1598 amicitia
1304 1564 1552 1598 coniunctam

87 1613 335 1659 despondere.
363 1613 465 1646 SCH.
500 1613 534 1647 S.
565 1625 622 1657 ep.
651 1613 808 1646 DCXIlI
837 1624 961 1659 gogen
986 1612 1110 1646 Ende.

181 1663 215 1696 2.
266 1662 321 1694 De
355 1661 472 1695 hortis
509 1662 747 1705 Scapulanis,
792 1672 885 1704 quos
911 1661 1059 1694 Atticus
1099 1661 1328 1705 inspexerat.
1362 1678 1409 1685 -
1447 1665 1481 1694 et
1506 1671 1554 1693 ex

89 1711 290 1754 Chrysippo
321 1709 346 1742 i.
376 1721 406 1742 e.
445 1720 490 1742 ex
518 1709 727 1754 Chrysippi
762 1720 949 1742 sermone.
1001 1709 1132 1742 Hortis
1173 1709 1274 1743 enim
1310 1720 1396 1742 cum
1424 1708 1553 1741 Attico

88 1759 273 1802 inspectis
309 1757 354 1790 ad
393 1757 620 1791 Ciceronem
660 1758 854 1802 profectus
893 1762 958 1790 est.
1021 1757 1117 1790 Erat
1150 1762 1278 1791 autem
1321 1756 1554 1790 architectus

88 1808 288 1849 fueratque
325 1805 418 1849 Cyri
451 1805 653 1839 architecti
690 1805 861 1839 libertus.
892 1804 1072 1839 MANUT.
1107 1805 1193 1841 Vid.
1229 1816 1289 1849 ep.
1320 1806 1403 1847 689,
1439 1808 1473 1839 1.
1516 1809 1554 1837 et

91 1857 171 1889 177.
199 1853 386 1894 ‚,Fuitne:
414 1859 448 1887 et
474 1866 514 1887 esc
542 1854 675 1888 Chr.?“
703 1855 777 1887 OR.
802 1872 851 1878 —-
882 1853 1012 1887 laudat
1037 1852 1287 1898 Chrysippus.
1311 1872 1358 1878 —
1383 1854 1552 1887 Tecta...

91 1904 256 1936 addenda
285 1906 348 1942 est,
389 1912 426 1935 es
452 1913 551 1934 muss
587 1903 664 1935 also
693 1900 796 1935 noch
823 1901 887 1935 ein
920 1900 1128 1934 bedeckter
1163 1900 1403 1948 Spazirgang
1436 1901 1556 1934 daran

91 1950 229 1998 gebaut
255 1948 427 1985 werden.
453 1968 500 1973 —
535 1951 604 1983 isto
631 1952 732 1992 loco,
769 1949 868 1986 dort,
905 1967 952 1974 —
991 1948 1252 1994 ἀφίδρυμα,
1297 1951 1430 1982 fanum
1462 1948 1558 1982 Tul-

91 1999 167 2032 liae
193 1997 518 2031 dedicandum.—
544 2000 799 2039 celebritatem,
826 1997 1077 2032 zahlreichen
1102 1995 1259 2031 Besuch.
1289 2015 1330 2022 —
1357 1999 1559 2030 maximam

93 2046 357 2080 celebritatem
384 2045 515 2078 lucum
541 2046 695 2080 habere.
721 2065 768 2071 —
802 2045 876 2080 τὸν
901 2044 1058 2091 τύφου,
1093 2057 1210 2079 vanae
1239 2049 1276 2078 et
1300 2044 1453 2078 insanae
1480 2056 1559 2077 am-

93 2094 237 2127 bitioni
264 2104 369 2127 meae
394 2105 465 2137 per
490 2094 577 2128 deos
604 2094 775 2142 indulge.
812 2112 859 2118 —
891 2107 1018 2127 nomen
1044 2096 1214 2139 explicat,
1248 2092 1325 2125 mir
1349 2104 1425 2125 nur
1450 2092 1558 2126 seine

94 2141 241 2175 Schuld
274 2140 454 2175 auszahlt.
499 2141 535 2176 S.
563 2154 620 2186 ep.
648 2144 730 2182 587,
756 2144 790 2177 2.
827 2144 908 2180 588,
935 2146 966 2176 1.
1000 2160 1045 2166 —
1087 2144 1165 2175 noli
1197 2153 1379 2188 quaerere,
1418 2143 1560 2187 quanti,

94 2201 132 2223 so
168 2188 356 2222 kiimm're
382 2189 484 2223 Dich
517 2190 625 2223 nicht
661 2191 817 2230 darum,
855 2190 929 2224 wie
963 2188 1110 2224 theuer.
1138 2210 1180 2214 —
1222 2190 1395 2223 Othonem
1420 2192 1559 2229 vincas,

96 2238 168 2271 den
204 2237 299 2271 Otho
335 2236 531 2272 iiberbiete
566 2250 661 2280 nur;
701 2239 763 2272 das
799 2238 849 2271 ist
882 2238 986 2271 mein
1011 2238 1148 2273 Wille.
1184 2237 1275 2285 Vgl.
1313 2249 1370 2282 ep.
1406 2239 1488 2278 568,
1521 2239 1557 2270 4.

96 2288 177 2328 577,
204 2287 235 2320 2.
272 2286 354 2326 573,
381 2287 415 2320 2.
450 2288 532 2329 563,
558 2289 592 2321 ll.
626 2299 662 2319 u.
689 2300 714 2320 s.
744 2299 794 2324 w,
834 2302 876 2310 -—
912 2287 972 2320 Ita
998 2289 1238 2320 male...esse
1263 2287 1443 2324 videatur,
1481 2284 1560 2319 wie

99 2332 161 2366 ich
186 2333 295 2375 hb‘re,
330 2333 378 2366 ist
413 2333 493 2367 ihm
531 2346 570 2368 so
604 2335 690 2368 iibel
727 2335 978 2381 mitgespielss
1015 2334 1095 2368 dass
1133 2345 1175 2368 er
1209 2334 1286 2366 mir
1317 2333 1391 2366 den
1418 2333 1562 2366 K‘ziufer

98 2381 207 2414 nicht
242 2380 403 2415 machon
439 2394 487 2415 zu
521 2383 678 2417 werden
713 2382 879 2417 scheint.
932 2382 1140 2416 Audiverat
1173 2381 1278 2414 hunc
1305 2380 1492 2415 Othonem
1519 2381 1560 2412 in

99 2430 227 2473 aliqua
252 2431 426 2463 auctione
453 2437 517 2463 aut
543 2431 661 2464 simili
688 2442 728 2464 re
755 2430 978 2474 pecuniaria
1005 2435 1207 2475 tantopere
1236 2429 1436 2462 inductum
1466 2440 1556 2469 esse,

99 2483 139 2509 ut
177 2488 353 2525 magnam
388 2478 572 2512 iacturam
612 2478 797 2523 pecuniae
833 2478 982 2516 fecerit,
1015 2490 1087 2522 qua
1123 2478 1215 2511 adeo
1250 2477 1404 2509 timidus
1438 2477 1560 2509 factus
1589 2517 1593 2528 ‘

100 2525 158 2566 sit,
186 2530 226 2557 ut
252 2525 298 2558 ad
324 2525 435 2558 illam
463 2527 696 2571 emptionem
723 2537 798 2559 non
814 2538 970 2558 ausurus
988 2526 1035 2558 sit
1053 2526 1246 2559 accedere.
1266 2544 1312 2549 ——
1331 2525 1563 2569 Quidenim?

96 2574 313 2618 pateretur?
353 2573 510 2608 Etenim
546 2576 577 2608 si
609 2576 777 2608 animum
814 2572 984 2615 haberet,
1020 2580 1194 2618 possetne
1229 2573 1340 2606 illam
1379 2572 1560 2604 iniuriam

101 2621 255 2666 perpeti
283 2632 324 2653 ac
352 2621 564 2657 devorare?
604 2624 702 2656 SCM.

195 2672 227 2704 3.
281 2670 352 2703 Sed
375 2672 464 2715 quid
487 2684 580 2717 arg,
610 2670 705 2705 doch
732 2683 807 2705 was
833 2668 1029 2704 zerbrcch'
1058 2668 1120 2702 ich
1147 2668 1223 2702 mir
1250 2668 1324 2702 den
1351 2668 1455 2713 Kops
1477 2669 1561 2701 ‹lar-

102 2717 220 2750 iiber?
251 2735 290 2742 —
319 2719 375 2751 vel
396 2729 543 2766 magno,
571 2731 685 2753 wenn
711 2718 809 2751 auch
838 2717 937 2751 noch
966 2729 1004 2751 so
1025 2718 1172 2752 the-uer.
1200 2736 1246 2740 -——
1272 2720 1329 2750 sin
1354 2718 1474 2750 mimas
1492 2717 1562 2749 Fa-
