1795 3081
221 115 316 161 428
471 111 537 157 M.
576 112 628 159 T.
666 111 1004 160 CICERONIS
1042 111 1416 164 EPIST02AE.

177 235 282 288 5pii
311 230 502 272 studium
541 232 586 269 in
617 244 684 270 me
716 233 936 271 exstiterit
976 232 1212 287 singulare.
1271 234 1552 287 Quapropter
1580 249 1605 275 a
1634 241 1676 274 te

221 291 354 330 etiam
384 293 513 339 atque
544 287 676 325 etiam
698 299 779 339 pro
803 293 954 326 nostra
977 301 1142 326 summa
1173 290 1480 329 coniunctione
1509 302 1677 342 proque

218 351 296 385 tua
324 345 370 381 in
400 354 467 381 me
497 347 709 394 perpetua
738 348 781 381 et
811 344 998 382 maxima
1027 343 1348 394 benevolentia,
1388 346 1601 384 maiorem
1631 345 1676 382 in

219 397 396 439 modum
427 403 528 450 peto
559 403 690 449 atque
720 397 949 447 contendo,
994 404 1044 436 ut
1086 412 1218 450 quum
1258 401 1454 438 fortunas
1484 401 1555 454 agi
1585 400 1677 438 eius

219 453 451 505 municipii
480 452 716 507 intelligas,
758 451 874 504 quod
911 454 968 492 sit
998 453 1105 492 mihi
1134 453 1469 504 necessitudine,
1507 454 1678 503 officiis,

220 508 524 549 benevolentia
566 508 984 558 coniunctissimum,
1031 507 1077 547 id
1115 509 1224 547 mihi
1264 508 1350 549 des.
1427 508 1554 561 Quod
1594 511 1680 548 erit

220 561 486 612 huiusmodi,
516 568 581 613 ut,
610 563 648 600 si
666 575 690 600 a
713 561 911 613 Caesare,
936 562 1053 615 quod
1078 576 1318 616 speramus,
1339 565 1679 617 impetrarimus.

219 626 294 660 tuo
326 618 537 657 beneficio
568 630 645 656 nos
676 617 721 656 id
741 624 991 657 consecutos
1014 631 1103 657 esse
1129 618 1393 659 iudicemus:
1425 621 1492 658 sin
1522 621 1678 665 minus,

219 687 301 728 pro
332 686 383 712 eo
417 679 559 712 tamen
588 671 634 711 id
663 672 912 723 habeamus,
943 675 1151 726 quoniam
1181 687 1205 712 a
1234 681 1276 713 te
1307 674 1408 713 data
1439 676 1496 713 sit
1531 688 1680 727 opera,

218 736 269 769 ut
296 729 646 781 impetraremus,
712 727 812 766 Hoc
849 741 982 780 quum
1020 729 1130 766 mihi
1170 730 1468 784 gratissimum
1507 731 1681 779 feceris,

219 791 313 824 tum
340 785 460 823 viros
492 784 695 835 optimos,
726 782 924 822 homines
953 783 1280 823 honestissimos
1303 784 1561 837 eosdemque
1581 797 1680 839 gra·-

218 840 410 878 tissimus
440 843 483 876 et
512 844 587 876 tua
627 837 949 877 necessitudine
992 838 1272 893 dignissimos
1311 852 1481 879 summo
1522 840 1682 879 benefi-

219 896 290 934 cio
320 895 365 932 in
395 900 655 946 perpetuum
685 894 767 932 tibi
797 895 970 946 tuisque
1001 892 1264 934 devinxeris.

353 1079 673 1129 EPISTOLA
708 1079 975 1129 DCXLVI.
1044 1078 1126 1139 (ad
1159 1079 1278 1131 Div.
1313 1081 1420 1129 XII.
1459 1081 1557 1139 18)

373 1170 456 1205 Ser.
484 1169 623 1203 Romae
650 1179 778 1203 mense
807 1168 962 1203 Octobri
988 1168 1029 1204 A.
1058 1169 1102 1203 U.
1132 1168 1170 1203 c.
1197 1171 1278 1205 709.
1317 1171 1367 1210 (a,
1397 1169 1436 1203 c.
1463 1171 1538 1210 45.)

220 1241 522 1287 Infrequentiam
557 1241 759 1275 literarum
796 1245 972 1281 excusat3
1008 1240 1212 1274 Cornificii
1244 1241 1488 1286 prudentiam
1529 1245 1565 1273 et
1601 1251 1687 1287 gra-

220 1292 379 1325 vitatem
417 1290 568 1331 laudat,
618 1293 859 1335 praesentem
903 1288 959 1321 rei
1001 1289 1176 1332 publicae
1212 1294 1350 1323 statum
1391 1294 1552 1327 accusat,
1600 1299 1686 1321 cum

659 1336 828 1370 Caesaris
856 1336 1105 1369 excusatione.
1145 1339 1250 1372 1-2.

484 1408 662 1442 CICERO
690 1407 727 1441 S.
756 1407 800 1440 D.
830 1407 1112 1442 CORNIFICIO
1139 1407 1419 1443 COLLEGAE.

330 1479 460 1534 Quod
490 1486 733 1519 extremum
773 1481 860 1519 fuit
902 1480 947 1518 in
978 1493 1027 1519 ea
1057 1481 1274 1533 epistola,
1301 1492 1430 1532 quam
1461 1493 1485 1519 a
1514 1485 1557 1518 te
1587 1491 1689 1531 pro-

222 1539 339 1578 xime
368 1537 535 1589 accepi,
563 1535 618 1574 ad
640 1535 685 1573 id
707 1536 899 1588 primum
930 1535 1217 1588 respondebo.
1277 1534 1482 1573 Animum
1513 1533 1689 1573 adverti

223 1595 340 1634 enim
371 1592 455 1631 hoc
485 1604 563 1630 vos
589 1603 769 1645 magnos
801 1597 1001 1630 oratores
1031 1593 1176 1630 facere
1207 1603 1530 1643 nonnunquam.
1589 1589 1690 1641 Epi-

220 1650 354 1689 stolas
388 1647 579 1700 requiris
618 1659 761 1685 meas:
808 1659 887 1700 ego
933 1652 1077 1685 autem
1122 1659 1359 1699 nunquam,
1406 1658 1539 1695 quum
1579 1644 1688 1681 mihi

221 1703 525 1743 denuntiatum
567 1707 679 1740 esset
723 1713 747 1739 a
791 1703 878 1739 tuis
909 1702 974 1739 ire
1005 1702 1208 1753 aliquem,
1255 1714 1343 1739 non
1386 1699 1499 1739 dedi.
1561 1698 1688 1750 Quod

222 1759 331 1799 mihi
359 1757 518 1798 videor
546 1769 598 1795 ex
628 1757 715 1795 tuis
746 1756 890 1795 literis
922 1756 1174 1811 intelligere
1218 1761 1260 1795 te
1290 1755 1403 1793 nihil
1434 1756 1688 1794 commissu-

219 1828 318 1853 rum
349 1827 439 1852 esse
471 1818 649 1861 temere,
694 1824 773 1850 nec
804 1817 919 1861 ante,
951 1817 1081 1863 quain
1112 1812 1278 1861 scisses,
1311 1823 1395 1863 quo
1426 1811 1511 1849 iste
1540 1811 1687 1847 nescio

218 1871 294 1923 qui
335 1868 552 1909 Caecilius
582 1867 736 1905 Bassus
778 1872 1047 1919 erumperet,
1093 1865 1331 1919 quidquam
1372 1866 1484 1905 certi
1523 1865 1687 1903 consti·-

219 1983 261 2017 in
287 1981 466 2017 welchen
493 1980 554 2015 die
579 1981 730 2028 Biirger
765 1992 841 2014 von
868 1980 994 2014 Atella
1028 1980 1104 2013 mir
1130 1980 1241 2014 nicht
1268 1981 1434 2016 Beweise
1461 1980 1529 2014 der
1555 1980 1688 2028 eifrig-

219 2037 303 2066 sten
330 2029 659 2077 Anli'dnglichkeit
684 2029 855 2077 gegeben
882 2028 1027 2062 hatten.

316 2092 352 2125 5.
396 2089 578 2134 fortunas
605 2091 681 2133 agi,
723 2089 802 2122 dass
839 2089 907 2122 der
945 2088 1181 2123 Wohlstand
1227 2089 1337 2121 einer
1376 2087 1689 2132 Municipalstadt

219 2139 285 2172 auf
317 2138 405 2171 dem
441 2137 568 2181 Spiele
601 2137 719 2173 stehe.
754 2156 800 2161 —
842 2140 1020 2172 com'unct,
1050 2137 1119 2171 Md.
1148 2139 1460 2170 conv[dissimum.
1501 2135 1556 2168 De
1582 2145 1686 2177 seqq.

219 2188 290 2221 cfr.
317 2186 417 2219 nost.
446 2186 545 2229 Spcc.
574 2188 608 2223 3,
632 2196 669 2229 p.
699 2188 753 2221 12.
783 2181 934 2220 01:9-
970 2186 1011 2217 id
1032 2185 1124 2217 mihi
1148 2186 1218 2225 des,
1245 2185 1303 2217 Du
1330 2184 1404 2217 mir
1430 2184 1530 2217 diese
1559 2183 1689 2216 Gesal-

218 2233 362 2282 ligkeit
389 2233 594 2280 erzeigest3
623 2245 768 2266 warum
798 2245 840 2267 er
865 2232 933 2265 ihn
960 2233 1054 2266 oben
1082 2244 1138 2265 am
1167 2232 1277 2266 Ende
1304 2232 1367 2266 des
1393 2235 1426 2266 3.
1455 2233 1482 2276 §.
1511 2230 1685 2278 gebeten.

215 2295 286 2329 pro
313 2294 364 2320 eo,
391 2292 433 2314 ac
460 2280 491 2313 si
519 2280 875 2324 impetravissemus.
903 2299 950 2305 —
975 2282 1160 2327 quoniam,
1186 2281 1261 2314 wie
1288 2291 1347 2325 ep.
1373 2282 1457 2322 640,
1483 2281 1517 2314 2.

362 2351 656 2385 CORNIFICIO.
700 2350 736 2385 S.
763 2364 811 2385 zu
838 2363 894 2397 ep.
922 2352 1070 2386 DCXL}
1097 2352 1148 2384 im
1177 2351 1261 2385 Anf.

314 2415 346 2446 1.
401 2413 576 2446 Animum
602 2413 760 2451 advorti,
792 2412 894 2445 (lenu
922 2411 984 2444 ich
1009 2411 1103 2445 habe
1131 2411 1481 2459 wahl-genommen.
1520 2410 1582 2444 Sic
1610 2411 1683 2443 Md.

217 2460 320 2494 vict.
358 2463 390 2494 1.
417 2463 452 2495 2.
493 2459 630 2496 Graev,
670 2460 765 2496 Ern.
804 2459 893 2493 Sch.
927 2461 1023 2492 Liin.
1068 2461 1136 2495 Λη.
1173 2461 1316 2493 adverti
1353 2461 1398 2491 ἐ
1434 2460 1688 2492 Animadverte

218 2507 311 2543 Cdd.
339 2508 430 2551 aliq.
467 2507 618 2548 (Basil.)
656 2507 773 2551 Neap.
809 2508 891 2540 Asc.
920 2511 953 2541 1.
993 2507 1096 2541 Crat.
1137 2507 1269 2541 Lamb.
1308 2506 1447 2541 Bened.
1488 2508 1556 2539 cfr.
1584 2507 1684 2539 Lael.

217 2557 246 2600 §.
273 2559 331 2592 99.
371 2553 502 2598 Off'z‘cc.
529 2556 563 2596 2,
589 2556 616 2599 §.
644 2557 699 2590 68.
739 2557 812 2589 ΟΒ.
850 2574 897 2580 —
932 2558 1104 2601 requiris,
1142 2555 1346 2595 desideras,
1382 2554 1442 2587 Du
1467 2553 1686 2587 vermissest

216 2604 345 2638 BrIefe
379 2614 455 2637 von
489 2604 576 2641 mir,
621 2603 654 2638 d.
683 2603 707 2638 i.
750 2603 922 2649 beklagst
959 2602 1059 2637 Dich
1098 2603 1192 2636 iiber
1231 2603 1349 2635 deren
1384 2601 1609 2635 Seltenheit.
1637 2620 1684 2625 —-

215 2663 501 2698 nunquam..non
523 2650 715 2685 iedesmal.
739 2670 786 2676 —
808 2655 861 2685 ire:
881 2653 1049 2697 aliquem,
1078 2662 1114 2684 es
1142 2650 1239 2698 gehe
1259 2649 1413 2684 Iemand
1436 2661 1482 2682 an
1500 2648 1600 2681 Dich
1626 2648 1684 2681 ab.

215 2699 344 2733 Lamb.
371 2703 425 2732 ire
451 2701 500 2732 acl
524 2704 570 2732 te.
608 2719 649 2725 —
684 2699 783 2734 nihil
806 2711 931 2734 comm.
960 2713 986 2733 e.
1014 2704 1111 2740 tem„
1150 2700 1209 2732 Du
1243 2698 1409 2731 werdest
1433 2696 1577 2730 keinen
1612 2708 1686 2728 un-

215 2748 437 2794 iiberlegten
463 2745 609 2780 Solu-itt
636 2745 740 2781 thun.
777 2766 824 2774 —·
858 2760 950 2794 quo.
967 2772 976 2781 .
994 2751 1232 2793 ‚erumperet,
1267 2756 1328 2781 wo
1354 2743 1686 2779 Dieser...hinaus-
