1795 3081
332 36 656 90 EPISTOLA
691 37 968 88 DLXXIII.
1004 39 1287 92 DLXXIV.
1443 44 1540 91 315

71 176 194 205 meus
233 174 378 203 error.
443 159 699 202 Ferendus?
748 159 887 200 Immo
928 173 1039 200 vero
1078 162 1213 203 etiam
1249 162 1540 204 adiuvandus.

70 220 138 260 De
162 219 351 270 Othone,
383 216 551 267 diffido,
580 218 768 255 fortasse
798 217 901 269 quia
918 218 1063 269 cupio.
1121 217 1209 258 Sed
1225 225 1372 259 tamen
1395 220 1582 260 maior2

72 277 208 315 etiam
239 288 308 315 res
339 279 404 313 est
432 286 563 326 quam
593 272 826 311 facultates
855 277 1048 323 nostrae,
1090 277 1355 326 praesertim
1385 274 1545 314 adver-

72 332 192 370 sario
231 337 276 370 et
314 327 475 382 cupido
516 334 560 367 et
595 327 819 379 locuplete
862 333 906 366 et
943 327 1118 368 herede.
1178 330 1436 369 Proximum
1466 337 1546 381 est,

71 392 123 425 ut
151 386 288 426 velim
319 383 513 424 Clodiae.
571 381 659 422 Sed
687 383 724 419 si
754 383 838 421 ista
866 383 1011 420 minus
1043 385 1202 423 confici
1240 393 1437 439 possunt,
1483 387 1547 425 ef-

73 441 157 481 fice
187 440 374 494 quidvis.
433 440 523 496 Ego
564 451 633 477 me
662 439 832 477 maiore
869 438 1103 494 religione,
1148 454 1278 492 quam
1316 443 1547 494 quisquam

75 498 162 536 fuit
190 497 327 535 ullius
365 496 476 545 voti,
508 494 773 533 obstrictum
808 499 930 547 put0.
990 494 1176 534 Videbis
1207 498 1341 535 etiam
1374 496 1547 535 Trebo-

74 553 254 591 nianos:
287 552 370 590 etsi
400 550 559 589 absunt
587 548 770 588 domini.
842 547 945 599 Sed,
979 556 1029 588 ut
1063 549 1120 589 ad
1157 557 1201 590 te
1244 551 1343 591 heri
1373 552 1548 604 scripsi,

75 606 377 646 considerabis
407 607 540 645 etiam
570 603 624 644 de
655 604 926 656 Tusculano,
956 617 1011 644 ne
1040 612 1181 647 aestas
1222 609 1399 647 effluat:
1431 606 1550 660 quod

75 669 198 703 certe
226 674 316 701 non
345 667 412 702 est
440 659 820 701 committendum.

210 847 534 899 EPISTOLA
567 847 845 897 DLXXIV.
897 847 980 906 (ad
1014 848 1122 899 Att.
1159 850 1269 898 XII.
1305 852 1407 910 44.)

222 939 303 975 scr.
332 940 374 973 in
400 937 549 972 Antiati
574 937 645 971 lv.
672 936 728 970 Id.
756 937 838 972 lun.
864 937 909 971 A.
937 937 982 972 U.
1011 938 1052 972 C.
1079 941 1160 975 709.
1197 940 1247 979 (a.
1269 939 1309 974 c.
1330 941 1408 982 45.)

80 1014 136 1048 De
162 1012 281 1045 Hirtii
307 1011 418 1045 libro.
446 1013 479 1044 1.
519 1009 564 1043 de
591 1009 744 1057 negotio
771 1009 975 1043 hortorum
1003 1009 1278 1053 emendorum,
1314 1011 1358 1046 de
1385 1012 1552 1047 adventu

137 1071 203 1094 suo
230 1060 272 1093 in
297 1058 571 1094 Tusculanum.
598 1060 706 1094 2—3.
746 1057 840 1112 quid
866 1057 1099 1139 ΡὲιὶΙοῐίωυε
1126 1058 1171 1093 de
1199 1061 1379 1105 Pompeio
1406 1072 1494 1094 nar.

709 1110 864 1140 raverit.
919 1133 927 1140 .

575 1176 754 1211 CICERO
800 1177 983 1212 ATTICO
1025 1176 1065 1215 S.

190 1252 247 1293 Et
274 1251 481 1292 Hirtium
511 1249 683 1302 aliquid
713 1248 768 1288 ad
798 1256 841 1289 te
872 1251 1124 1302 συμπαθῶς
1152 1250 1206 1291 de
1235 1265 1305 1292 me
1325 1253 1553 1306 scripsisse

83 1309 216 1349 facile
253 1310 402 1361 patior
429 1328 485 1334 -
514 1307 623 1345 fecit
660 1307 775 1344 enim
816 1306 1006 1346 humane
1033 1328 1090 1336 —-
1119 1314 1163 1347 et
1191 1314 1235 1347 te
1266 1310 1359 1347 eius
1391 1310 1556 1362 episto-

82 1367 171 1404 lam
202 1363 257 1403 ad
285 1376 354 1402 me
384 1375 472 1401 non
502 1362 685 1410 misisse,
725 1362 866 1399 multo
904 1363 1094 1401 facilius.
1155 1362 1228 1402 Tu
1266 1365 1383 1403 enim
1421 1365 1557 1404 etiam

84 1421 333 1459 humanius.
389 1417 517 1455 Illius
547 1416 728 1466 librum,
770 1429 898 1469 quem
933 1416 988 1457 ad
1027 1431 1097 1457 me
1137 1419 1260 1458 misit
1288 1418 1342 1459 de
1372 1418 1556 1470 Catone,

84 1482 325 1530 propterea
353 1473 459 1514 volo
491 1471 717 1527 divulgari
752 1484 778 1510 a
807 1473 911 1523 tuis,
947 1479 998 1512 ut
1028 1486 1081 1512 ex
1109 1474 1299 1515 istorum
1328 1475 1558 1528 vitupera-

84 1600 218 1646 [mmo.
235 1598 413 1640 ..adiuv.,
457 1597 517 1630 Du
544 1602 663 1630 musst
697 1597 776 1630 mir
801 1608 914 1646 sogar
939 1598 1046 1633 dabei
1071 1597 1289 1634 behiilflich
1313 1599 1407 1634 sein.
1456 1611 1561 1634 error·

84 1658 133 1681 =
157 1657 316 1680 insama.

183 1709 217 1742 2.
270 1707 359 1753 quia
394 1707 512 1750 cupio,
546 1704 639 1737 weil
667 1705 794 1739 meine
819 1704 1007 1753 Begierde
1042 1715 1082 1739 so
1117 1717 1225 1753 gross
1260 1706 1320 1740 ist.
1356 1725 1404 1732 —
1437 1710 1560 1742 maior·

89 1758 202 1791 etiam
228 1766 283 1789 res
319 1759 370 1788 est
403 1765 512 1800 quam
543 1763 590 1784 Ξ
624 1758 790 1797 superat,
825 1754 988 1792 excedit,
1024 1753 1151 1788 dieser
1188 1755 1292 1788 Kauf
1319 1755 1415 1802 geht
1447 1767 1561 1804 sogal·

89 1805 184 1838 iiber
209 1803 313 1837 mein
338 1802 566 1849 Veri'nogen.
604 1803 746 1848 cupido,
784 1802 828 1834 da
856 1801 983 1836 dieser
1008 1802 1113 1835 mein
1141 1802 1298 1851 Gegner
1329 1804 1382 1836 im
1410 1804 1562 1839 Handel

90 1853 208 1886 selbst
231 1852 324 1884 Lust
349 1862 397 1883 zu
430 1850 515 1883 dem
544 1850 643 1882 Pax-k
668 1849 744 1885 hat.
782 1849 819 1883 S.
849 1861 907 1894 ep.
936 1850 1123 1892 DLXVII,
1149 1853 1183 1885 4.
1223 1870 1271 1876 -
1309 1852 1446 1894 herede,
1479 1853 1562 1887 und

92 1901 204 1935 einer
230 1899 299 1932 ‹ler
323 1898 452 1931 Erben
480 1898 538 1931 ist.
567 1896 602 1931 S.
633 1908 689 1942 ep.
719 1897 878 1931 DLXXI.
908 1898 1082 1939 DLXIII,
1101 1900 1133 1933 4.
1161 1899 1315 1940 DLXII,
1341 1902 1374 1935 2.
1401 1919 1448 1925 -
1478 1902 1559 1935 Clo-

91 1950 175 1982 diae
199 1947 334 1981 hortos
362 1957 499 1979 emere.
529 1944 565 1978 S.
584 1956 640 1990 ep.
657 1945 801 1988 DLXX,
816 1948 848 1980 3.
876 1946 1041 1984 DLXXL
1058 1949 1091 1980 1.
1117 1966 1158 1972 —
1179 1960 1235 1981 me
1252 1951 1392 1982 maiore
1412 1950 1565 1995 religio-

91 2010 147 2038 ne,
175 2008 281 2043 quam
309 1997 499 2041 quisquam
520 1993 605 2037 fuit
631 1993 834 2028 obstrictus
862 1994 1057 2042 religione
1084 1997 1195 2030 ullius
1213 1999 1300 2039 v'oti,
1329 1998 1440 2031 obstr.
1455 2003 1564 2043 puto,

94 2045 162 2078 ich
188 2045 293 2077 halte
319 2041 425 2075 mich
452 2041 576 2075 durch
606 2043 691 2075 eine
717 2042 909 2090 heiligere
930 2042 1230 2092 Verpflichtung
1255 2045 1474 2092 gebunden,
1510 2046 1565 2080 als

95 2092 236 2141 irgend
261 2091 385 2124 Einer
412 2090 446 2123 ie
473 2090 595 2123 durch
626 2090 686 2123 ein
715 2091 887 2124 Geliibde
914 2090 986 2124 den
1008 2091 1173 2126 Gottern
1199 2092 1445 2137 verpflichtet
1470 2106 1563 2128 war.

93 2142 182 2187 vgl.
220 2151 279 2185 ep.
308 2138 478 2177 DLXIlL
503 2141 538 2172 4.
582 2138 724 2175 DLX&
752 2141 783 2172 4.
827 2158 865 2164 -
907 2140 1061 2179 Videbis,
1099 2139 1159 2173 Du
1192 2141 1304 2175 wirst
1334 2141 1377 2174 in
1408 2142 1566 2190 Augen-

94 2188 232 2223 schein
258 2186 440 2221 nehmen.
467 2206 513 2211 —
541 2188 685 2220 Trebon.
715 2186 750 2219 S.
779 2198 836 2232 ep.
865 2190 947 2227 563,
974 2190 1006 2221 4.
1045 2189 1127 2229 570,
1155 2192 1186 2224 3.
1218 2208 1260 2215 -
1301 2192 1476 2224 consider.
1511 2191 1567 2233 de,

95 2238 156 2271 Du
182 2237 322 2269 kannst
347 2235 388 2267 in
415 2235 639 2282 Erw‘a‘gung
665 2235 816 2269 ziehen.
856 2235 891 2269 S.
920 2247 977 2280 ep.
1005 2235 1154 2279 DLXX,
1181 2241 1215 2274 3,
1249 2256 1299 2263 -
1330 2244 1445 2278 aetas,
1469 2239 1565 2287 Vgl,

97 2296 156 2330 ep.
183 2283 328 2326 DLXX,
352 2286 387 2318 4.
426 2283 592 2325 DLXXI,
622 2287 653 2317 1.

195 2359 228 2390 1.
279 2356 557 2400 συμπαθῶς,
601 2355 646 2388 ad
672 2355 921 2389 indicandam
956 2356 1126 2391 similem
1164 2356 1282 2391 animi
1320 2357 1567 2394 affectionem

99 2403 392 2438 accommodate.
435 2404 649 2448 Scripserat
676 2404 778 2437 enim
807 2404 954 2437 Hirtius
983 2405 1180 2439 Ciceronis
1208 2417 1335 2439 casum
1369 2419 1406 2441 se
1435 2407 1567 2442 dolere

100 2453 146 2486 (le
172 2452 274 2485 filiae
315 2457 451 2485 morte.
480 2451 660 2486 MANUT.
698 2452 806 2493 ¹„dass
827 2452 978 2485 Hirtius
1004 2453 1045 2485 in
1072 2454 1218 2487 seinem
1236 2454 1364 2488 Briefe
1391 2467 1438 2488 an
1465 2455 1567 2490 Dich

102 2501 228 2549 einige
254 2499 509 2533 Theilnahnie
543 2512 588 2533 an
622 2500 792 2533 meinem
819 2501 975 2534 Unfalle
1002 2501 1152 2550 bezeigt
1186 2501 1297 2535 hat.“
1320 2521 1363 2526 —
1399 2503 1568 2547 humane,

101 2549 178 2583 wie
206 2548 268 2582 ein
294 2548 451 2581 Mensch
478 2559 554 2581 von
580 2548 734 2581 Gefiihl.
763 2566 806 2573 —
843 2549 1040 2583 humanius
1066 2551 1206 2591 fecisti,
1245 2550 1372 2591 „denn
1399 2550 1462 2585 das
1487 2564 1570 2586 war

104 2608 178 2630 von
198 2595 271 2629 Dir
298 2595 397 2629 noch
424 2595 689 2637 schonender3
715 2597 772 2629 Du
798 2596 965 2630 wiirdes‘s.
991 2604 1093 2632 sonst
1117 2598 1272 2632 meinen
1298 2598 1484 2633 Schmerz
1511 2612 1571 2635 er-

104 2648 240 2678 neuert
265 2642 428 2677 haben.‘⁴
455 2664 501 2668 —-—
527 2646 568 2677 de
597 2645 742 2678 Catone.
778 2643 815 2680 S.
844 2656 902 2689 ep.
929 2648 1014 2687 570,
1040 2648 1074 2680 4.
1113 2649 1196 2686 567,
1225 2649 1258 2680 1.
1276 2665 1323 2670 -
1353 2660 1393 2681 ex
1419 2650 1573 2683 istorum

104 2703 153 2725 Ξ
177 2692 314 2725 talium
342 2692 528 2734 virorum,
556 2693 681 2736 qualis
710 2692 876 2735 Hirtius,
905 2693 1053 2728 Caesar.
1080 2712 1125 2720 —
1153 2695 1268 2737 illices,
1295 2694 1461 2730 Catonis.
