1795 3081
508 88 831 139 EPlSTOLA
867 87 1134 139 DCXLVI.
1434 86 1530 133 429

84 219 310 252 tuturum:
351 210 396 250 id
426 222 505 265 ego
537 216 580 249 et,
608 221 846 262 speraram,
885 208 1119 263 prudentia
1158 212 1234 246 tua
1270 209 1429 246 fretus:
1475 212 1533 255 et,

85 275 135 307 ut
164 266 441 316 confiderem,
472 267 671 303 fecerunt
697 270 798 302 tuae
827 266 1100 318 gratissimae
1129 262 1237 302 mihi
1259 263 1437 301 literae:
1469 260 1535 298 id-

84 335 167 375 que
197 328 246 360 ut
276 323 408 361 facias
440 333 568 372 quam
596 320 859 371 saepissime,
889 325 938 358 ut
967 325 1010 358 et
1040 316 1145 371 quid
1174 324 1223 357 tu
1241 330 1342 372 agas
1367 322 1409 355 et
1430 313 1536 367 quid

84 384 242 432 agatur
269 377 384 415 scire
423 376 584 427 possim
628 379 671 412 et
707 374 839 411 etiam
871 373 975 426 quid
1008 380 1186 412 acturus
1215 374 1288 421 sis,
1327 369 1457 410 valde
1493 375 1536 408 te

84 446 204 488 rogo.
262 431 354 469 Etsi
389 430 622 482 periniquo
662 428 864 481 patiebar
899 430 1045 467 animo
1086 434 1129 466 te
1168 439 1191 465 a
1231 441 1300 466 me
1339 423 1535 480 digredi:

0 464 4 521 l
87 493 232 525 tamen
276 499 327 524 eo
368 491 564 536 tempore
602 495 670 521 me
713 483 988 533 consolabar,
1032 481 1147 534 quod
1177 483 1294 521 etin
1323 492 1538 519 summum

0 523 5 607 ἱ
84 543 223 580 otium
253 546 295 579 te
323 541 390 578 ire
419 537 670 577 arbitrabar
711 544 755 576 et
793 538 846 576 ab
888 536 1239 590 i111pe11dentibus
1269 537 1436 590 magnis
1464 547 1540 573 ne-

0 611 5 637 1
83 597 215 651 gotiis
255 593 490 634 discedere.
560 592 805 645 Utrumque
844 599 999 631 contra
1037 591 1211 631 accidit.
1278 591 1382 629 Istic
1423 587 1580 629 enim2

83 651 248 690 bellum
279 655 342 689 est
371 653 602 699 exortum3
646 647 718 686 hic
748 661 831 700 pax
861 654 1112 687 consecuta:
1150 645 1224 685 sed
1253 652 1397 686 tamen
1427 646 1541 684 eius-

84 704 203 746 modi
232 718 331 758 pax,
362 705 407 742 in
437 717 535 755 qua,
561 704 599 742 si
628 702 811 754 adesses,
857 703 995 741 multa
1032 709 1075 742 te
1114 715 1202 741 non
1242 700 1539 741 delectarent:

84 774 133 801 ea
171 767 330 810 tamen,
383 772 493 810 quae
540 771 594 797 ne
632 758 777 810 ipsum
819 757 1051 798 Caesarem
1094 756 1268 810 quidem
1310 755 1540 795 delectant.

82 815 308 855 Bellorum
337 815 453 852 enim
483 814 683 853 civilium
712 814 747 852 ii
775 826 947 867 semper
976 814 1118 852 exitus
1148 818 1263 861 sunt,
1292 818 1342 850 ut
1371 823 1458 849 non
1494 822 1542 848 ea

83 871 226 910 solum
255 870 376 920 fiant,
408 881 518 921 quae
548 869 658 908 velit
686 870 848 919 victor,
892 867 967 907 sed
996 869 1143 917 etiam,
1186 873 1236 906 ut
1264 868 1319 905 iis
1350 879 1440 906 mos
1469 878 1542 919 ge-

0 961 1 978 *
84 924 244 964 rendus
274 925 346 973 sit,
388 923 545 976 quibus
574 923 853 962 adiutoribus
892 925 950 962 sit
985 929 1114 976 parta
1149 923 1353 962 victoria.
1410 920 1544 971 Equi-

0 1007 11 1049 l*
87 979 185 1020 dem
230 980 293 1018 sic
331 980 419 1019 iam
458 977 674 1029 obdurui,
722 985 773 1018 ut
815 977 930 1017 ludis
973 979 1172 1019 Caesaris
1213 977 1356 1015 nostri
1397 977 1542 1014 animo

0 1026 11 1110 l
84 1035 346 1087 aequissimo
376 1032 575 1073 viderem
612 1033 665 1072 T.
696 1033 917 1084 Plancum,
948 1032 1148 1072 audirem
1175 1032 1358 1071 Laberii
1388 1037 1431 1071 et
1459 1030 1544 1069 Pu-

83 1091 166 1130 blii
193 1091 405 1142 poemata.
463 1088 592 1127 Nihil
621 1088 731 1128 mihi
760 1095 848 1128 tam
877 1088 1022 1128 deesse
1052 1089 1180 1138 scito,
1210 1100 1339 1140 quam
1368 1087 1546 1139 quicum

7 1163 10 1179 l

7 1189 13 1274 B
85 1188 215 1223 wolle.
251 1189 344 1224 Ueb.
373 1190 503 1222 caecil.
528 1188 660 1223 Bassus
686 1200 713 1222 s.
740 1201 788 1221 zu
815 1199 872 1233 ep.
899 1190 983 1224 6111.
1010 1205 1057 1212 —
1090 1189 1319 1233 nea-quicq.
1348 1187 1440 1219 certi
1465 1197 1547 1218 con-

85 1240 178 1279 stit„
204 1236 282 1269 und
318 1237 431 1272 keine
466 1236 684 1270 bestimmte
719 1236 924 1284 Massregel
957 1234 1136 1270 nehmen.
1172 1253 1215 1260 -
1252 1240 1292 1268 ut
1324 1232 1547 1278 confiderem,

8 1297 11 1327 1
88 1284 170 1318 dass
199 1285 326 1318 meine
353 1283 551 1332 Hoffnung
576 1284 658 1318 sich
685 1285 727 1317 in
752 1285 856 1319 volle
883 1284 1113 1318 Zuversicht
1136 1282 1407 1317 verwandelte.
1434 1300 1481 1306 —-
1514 1285 1549 1312 ct

86 1335 199 1366 etiam
225 1334 285 1374 (ut
312 1344 368 1377 ep.
384 1334 466 1373 645,
492 1335 546 1374 3).
579 1333 666 1366 Non
692 1337 784 1376 puto
812 1331 1018 1365 delendum
1043 1331 1117 1365 hoc
1143 1336 1188 1365 et.
1221 1330 1298 1365 cfr.
1317 1328 1548 1377 Heusingeri

88 1381 238 1425 Fragm.
274 1381 412 1416 Cornel.
447 1381 533 1424 Nep.
565 1391 602 1425 p.
629 1382 710 1414 381.
748 1380 906 1413 Bardili.
949 1379 1139 1425 Inscriptt.
1174 1391 1271 1413 meas
1303 1379 1459 1412 Latinas
1501 1377 1547 1409 N.

89 1430 194 1463 3657.
222 1428 318 1461 Ern.
346 1434 382 1462 et
409 1428 529 1462 Wolf.
565 1428 610 1460 ad
637 1428 732 1461 Suet.
763 1429 883 1461 Oetae.
911 1430 966 1463 19.
1003 1429 1079 1463 OR.
1114 1446 1153 1452 —
1189 1427 1272 1460 Etsi
1295 1428 1485 1472 periniquo
1509 1437 1547 1469 p.

11 1493 14 1535 1
89 1479 227 1516 animo,
255 1475 436 1523 obgleich
463 1488 499 1509 es
525 1476 600 1507 mir
618 1474 769 1510 schwer
786 1474 876 1508 auf's
895 1476 996 1508 Herz
1016 1476 1092 1510 fiel.
1110 1492 1145 1499 —
1169 1477 1206 1508 in
1226 1486 1402 1508 summum
1420 1476 1549 1514 otium,

91 1524 131 1556 in
170 1523 256 1557 eine
293 1523 560 1557 vollkommen
599 1523 737 1571 ruhige
775 1524 949 1557 Provinz.
988 1522 1097 1556 Nach
1125 1521 1268 1556 Afrika.
1305 1541 1352 1546 —
1390 1524 1434 1556 ab
1460 1524 1548 1565 imp.

91 1584 214 1617 magn.
242 1583 321 1616 neg.
348 1572 490 1610 disced„
526 1570 607 1603 und
643 1571 721 1604 dass
748 1572 807 1604 Du
833 1571 932 1604 Dieh
966 1582 1042 1604 von
1077 1570 1150 1604 den
1182 1583 1252 1606 uns
1277 1568 1551 1604 bedrohenden

91 1618 363 1667 gefahrlichen
390 1619 567 1652 H'a‘ndeln
595 1620 831 1652 entferntest.

187 1668 220 1702 2.
274 1667 352 1700 Utr.
381 1672 496 1702 contr.
523 1668 649 1708 acciat,
682 1678 759 1699 von
794 1665 930 1699 beiden
965 1665 1013 1698 ist
1048 1665 1111 1698 das
1137 1664 1371 1712 Gegentheil
1399 1663 1550 1710 erfolgt.

92 1733 139 1738 —
165 1717 273 1755 istic.⁹
311 1714 350 1746 in
377 1714 499 1759 Syria.
547 1714 660 1747 C‘a'sar
693 1713 840 1753 welhe,
878 1713 952 1747 wie
991 1725 1028 1746 es
1062 1713 1178 1754 hiess,
1214 1714 1286 1747 den
1324 1711 1552 1745 Cornificius

96 1762 168 1795 mit
196 1762 326 1795 §einen
351 1762 535 1806 Truppen
563 1760 723 1794 dorthin
749 1761 945 1795 schicken.
971 1780 1017 1785 —
1053 1763 1092 1794 in
1120 1774 1189 1807 qua
1213 1771 1263 1793 ··.;.·
1286 1765 1329 1793 ut
1354 1760 1394 1792 in
1423 1770 1477 1793 ea.
1507 1777 1552 1782 —

94 1822 164 1844 non
191 1811 326 1848 delect„
353 1808 567 1842 Caesariani
595 1809 697 1842 enim
724 1809 973 1853 impotentius
999 1809 1202 1842 utebantur
1227 1808 1399 1842 victoria.
1433 1825 1479 1831 —
1509 1820 1553 1840 ca

95 1864 217 1891 tamen
242 1862 336 1898 sunt,
363 1856 460 1889 doch
486 1856 571 1889 sind
596 1856 657 1889 das
684 1857 809 1890 lauter
832 1856 969 1904 Dinge.
990 1858 1241 1897 —delectant‚
1268 1856 1394 1889 Lamb.
1415 1855 1552 1889 Graev.

96 1907 266 1939 delectent
294 1907 390 1945 (non
416 1904 488 1936 Md.
516 1903 629 1946 Vict.)
660 1905 732 1938 OR.
770 1923 816 1929 —
850 1906 891 1937 ii.
929 1903 992 1937 Sic
1018 1904 1146 1937 Lamb.
1174 1904 1214 1937 hi
1240 1904 1335 1939 Cett.
1366 1914 1450 1936 cum
1479 1903 1551 1947 Md.-

96 1971 142 1978 —
169 1958 208 1986 ut
234 1956 280 1986 iis
307 1951 397 1994 (Md.
424 1951 522 1984 Vict.
549 1952 623 1993 his)
650 1965 726 1986 mos
751 1957 833 1992 cet,
860 1952 939 1985 dass
966 1963 1007 1985 er
1032 1951 1272 1999 Denienigen
1300 1951 1373 1984 den
1398 1950 1553 1986 Willen

97 2000 196 2034 thun
221 2012 334 2038 muss,
360 1999 422 2032 die
450 1999 533 2032 ihm
559 2011 647 2032 zum
673 1999 784 2046 Siege
809 1999 1030 2033 behiilflich
1056 2011 1234 2046 gewesen
1259 1999 1358 2033 sind.
1387 2017 1428 2024 —
1457 2000 1554 2033 luctis

101 2050 279 2089 Caesaris,
314 2046 375 2080 bei
410 2046 671 2094 Gelegenheit
708 2047 777 2080 der
813 2046 954 2091 Spiele,
1004 2046 1065 2080 die
1104 2047 1215 2080 C'asar
1245 2047 1306 2080 bei
1339 2046 1467 2080 seiner
1499 2047 1553 2079 im

99 2095 259 2130 October
285 2094 401 2128 dieses
429 2093 536 2127 Iahrs
563 2095 755 2142 erfolgten
782 2093 991 2128 Riickkehr
1023 2106 1085 2127 aus
1113 2094 1281 2139 Spanien
1318 2094 1403 2128 dem
1431 2094 1553 2128 Volke

100 2144 182 2190 gab.
221 2142 257 2176 S.
285 2153 342 2187 ep.
369 2143 451 2182 631,
477 2143 508 2176 2.
534 2160 578 2167 —
604 2146 713 2177 anim.
734 2156 825 2189 aeq„
850 2142 920 2175 mit
941 2142 1008 2175 der
1024 2142 1377 2176 vollkommensten
1397 2141 1554 2176 Gleich-

101 2190 323 2238 giiltigkeit.
351 2208 392 2214 —
419 2190 457 2222 T.
476 2189 645 2223 Plancum
669 2190 837 2228 Bursam,
864 2189 1060 2223 Ciceronis
1086 2190 1301 2230 inimicum,
1330 2191 1415 2238 lege
1442 2190 1488 2223 de
1514 2189 1553 2222 vi

104 2243 225 2272 stante
251 2236 448 2282 republica
476 2237 708 2279 damnatum,
747 2250 767 2271 a
794 2238 951 2272 Caesare
986 2238 1217 2271 restitutum.
1257 2238 1347 2272 Vid.
1376 2250 1434 2282 ep.
1474 2239 1554 2272 182.

103 2287 203 2320 SCH.
237 2303 284 2309 —-
319 2285 468 2319 Laberii
492 2290 526 2318 et
551 2286 668 2319 Publii
700 2285 788 2330 Syri
818 2289 1001 2331 pob‘mata.
1051 2285 1244 2327 Laberius,
1279 2285 1411 2320 dessen
1445 2285 1553 2319 Witz

103 2333 202 2367 auch
229 2332 303 2366 den
330 2332 465 2365 Cicero
493 2334 578 2374 traf,
610 2333 715 2366 hatte
742 2334 808 2366 auf
831 2334 960 2366 C'asars
985 2333 1120 2366 Befehl
1152 2334 1206 2366 als
1234 2333 1297 2367 ein
1322 2334 1450 2367 Ritter
1476 2332 1554 2365 und

104 2382 219 2414 Mann
246 2391 321 2414 von
346 2382 393 2414 60
419 2378 559 2414 Iahren
587 2379 625 2413 in
652 2381 811 2428 eigener
837 2382 975 2414 Person
1001 2381 1079 2414 und
1105 2381 1205 2414 noch
1232 2381 1326 2414 dazu
1360 2381 1401 2414 in
1428 2381 1552 2414 einem

105 2427 329 2463 Wettstreit
355 2427 427 2460 mit
455 2427 539 2461 dem
565 2427 729 2476 iiingern
756 2428 833 2461 und
859 2429 1068 2475 allgemein
1094 2428 1285 2462 beliebten
1310 2428 1463 2462 Publius
1487 2426 1555 2472 Sy-

107 2487 171 2508 rus
199 2475 326 2522 einige
352 2475 476 2508 seiner
503 2475 644 2509 Mimen
668 2475 873 2509 ‘offentlich
908 2476 987 2508 und
1019 2476 1089 2508 mit
1116 2476 1445 2520 Gebehrdenspiel
1476 2476 1554 2507 auf-

107 2523 248 2555 fiihren
275 2524 437 2555 iniissen.
485 2522 519 2561 S,
556 2523 712 2556 Macrob.
739 2524 790 2562 11,
815 2526 848 2558 7.
893 2523 1040 2557 Gellius
1066 2524 1161 2564 XVI,
1187 2526 1219 2558 7.
1259 2524 1339 2556 und
1372 2522 1553 2558 VVieland

106 2582 156 2603 zu
183 2569 361 2603 Horatius
387 2569 459 2604 Sat.
488 2572 518 2609 1,
545 2574 600 2610 10,
627 2573 659 2606 6.
699 2571 735 2604 S.
762 2573 832 2605 290
858 2571 912 2604 bis
938 2573 1018 2606 297.
1057 2571 1126 2604 Die
1153 2571 1277 2604 Ritter
1301 2571 1461 2604 wollton
1487 2569 1553 2602 ihu

108 2617 280 2651 ‹lesshalb
308 2617 415 2650 nicht
439 2618 585 2652 wieder
610 2618 650 2650 in
674 2618 747 2651 den
768 2619 965 2652 Rittersitz
991 2619 1050 2652 bei
1071 2618 1343 2662 Schauspielen
1369 2618 1551 2651 zulassen.

107 2665 144 2701 S.
169 2665 268 2700 Suet.
296 2665 421 2698 Octav.
449 2669 505 2702 39.
543 2666 633 2700 Ueb.
661 2667 755 2701 Pabl.
784 2667 892 2712 Syrus
918 2679 945 2700 s.
976 2667 1122 2699 Gellius
1149 2666 1269 2704 XVII,
1297 2669 1355 2702 14,
1390 2685 1431 2691 —
1475 2669 1553 2711 ‹jui-

107 2724 185 2746 cum
209 2723 257 2745 =
282 2723 368 2746 curn
396 2723 469 2757 quo
486 2715 677 2755 ..rideam
710 2714 807 2755 „mit
834 2714 917 2748 dem
957 2713 1021 2747 ich
1055 2714 1148 2747 iiber
1174 2714 1275 2748 diese
1302 2714 1429 2761 Dinge
1467 2725 1553 2747 ver-
