1795 3081
490 86 807 135 EPISTOLA
858 88 1026 135 DCLI.
1079 89 1281 138 DCLII.
1514 95 1609 140 437

154 209 278 250 δαῖον
302 203 427 249 οὐδέν
456 209 502 247 in
531 220 750 247 sermone:
793 201 1010 261 φιλόλογα
1049 210 1197 248 multa.
1257 209 1373 262 Quid
1402 213 1610 264 quaeris?

151 265 405 303 Delectatus
434 270 498 302 est
527 270 569 302 ct
604 263 794 301 libenter
833 263 930 301 fuit.
998 263 1190 303 Puteolis
1227 279 1272 304 se
1301 266 1446 305 aiebat
1474 280 1610 306 unum

152 319 268 358 diem
298 321 410 367 fore,
439 319 628 357 alterum
657 316 711 356 ad
740 317 878 356 Baias.
944 317 1092 357 Habes
1121 319 1361 372 hospitium
1390 322 1483 361 sive
1512 319 1609 361 ἐπι-

152 371 374 425 σιαῖΙμιάν
403 372 626 419 odiosamt,
657 371 781 420 mihi,
812 369 920 421 dixi,
950 386 1036 416 non
1066 375 1306 415 molestam.
1365 376 1455 431 Ego
1485 377 1609 428 paul-

151 429 289 481 lisper
340 427 429 478 hic,
473 426 629 466 deinde
670 428 717 465 in
764 425 1075 467 Tusculanum.
1155 429 1413 470 Dolabellae
1453 431 1608 470 villam

150 496 283 535 quum
313 483 594 535 praeteriret,
625 482 766 520 omnis
795 488 1067 521 armatorum
1098 485 1220 536 copia
1251 483 1406 526 dextra
1430 487 1609 526 sinistra

150 537 205 577 ad
234 551 395 591 equum
423 550 502 576 nec
531 549 715 589 usquam
742 537 864 578 alibi.
922 536 1023 576 Hoc
1053 551 1103 577 ex
1135 540 1278 579 Nicia.

312 699 632 750 EPISTOLA
668 700 860 748 DCLII.
924 699 1003 759 (ad
1037 701 1137 750 ΑΗ.
1174 701 1308 750 ΧΙΙΙ.
1342 703 1444 761 42.)

144 802 146 804 -
184 790 266 825 Ser.
294 790 334 822 in
360 789 574 824 Tusculano
602 794 765 823 exeunte
790 789 993 823 Decembri
1017 789 1059 823 A.
1088 791 1133 824 U.
1161 790 1201 824 c.
1227 793 1308 828 709.
1351 793 1399 835 (a.
1427 791 1467 826 c,
1493 792 1572 833 45.)

147 861 394 906 Colloquium
420 873 506 894 cum
525 859 666 902 Quinto
694 859 775 894 filio
801 860 973 894 habitum
1001 861 1169 906 exponit.
1197 865 1229 896 1.
1257 863 1303 896 ad
1321 863 1421 897 diem
1440 863 1605 896 natalem

193 922 303 943 suum
330 909 500 944 Atticum
527 907 678 941 invitat.
705 910 739 943 2.
753 920 814 989 ose
840 909 984 992 Lag-{id}
1005 914 1140 957 rogatu
1168 909 1327 944 Romam
1352 917 1558 945 venturum

777 961 859 990 sten
889 970 900 988 1
920 983 927 990 .
989 982 996 990 .

653 1026 832 1062 CICERO
857 1027 1035 1062 ATTICO
1067 1028 1103 1063 S.

255 1101 393 1142 Venit
423 1100 501 1140 ille
541 1098 595 1139 ad
625 1112 708 1150 me,
749 1097 824 1139 καὶ
850 1095 970 1150 μάλα
1000 1095 1212 1156 κατηφής·
1251 1107 1294 1141 et
1332 1114 1429 1158 ego,
1476 1099 1529 1143 σὺ
1557 1101 1606 1144 δὲ

145 1154 198 1213 δὴ
228 1153 272 1198 τί
302 1153 502 1204 σι’)ννουςς
533 1155 743 1210 ‚‚R0gas?
773 1155 933 1207 inquit,
967 1156 1038 1193 cui
1068 1157 1156 1194 iter
1185 1157 1331 1207 instet,
1362 1164 1405 1198 et
1434 1159 1522 1197 iter
1550 1157 1606 1197 ad

144 1213 324 1263 bellum,
375 1210 506 1263 idque
554 1223 687 1263 quum
729 1210 1042 1262 periculosum,
1086 1216 1180 1250 tum
1233 1213 1365 1251 etiam
1413 1213 1604 1266 turpe?“

143 1268 265 1320 Quae
294 1268 363 1306 vis
391 1268 561 1321 igitur?
601 1266 793 1317 inquam.
851 1264 981 1315 „Aes‚
1018 1267 1176 1317 inquit,
1213 1267 1426 1306 alienum:
1467 1274 1510 1307 et
1538 1275 1601 1307 ta·

141 1336 242 1362 men
271 1335 325 1361 ne
355 1322 569 1360 viaticum
585 1317 809 1372 quidem.“
837 1320 939 1359 Hoc
968 1321 1068 1359 loco
1099 1334 1179 1376 ego
1209 1324 1375 1375 sumpsi
1393 1322 1600 1376 quiddam

142 1377 196 1417 de
225 1384 301 1417 tua
332 1377 595 1428 eloquentia.
636 1375 751 1414 Nam
780 1376 913 1414 tacui.
954 1375 1011 1414 At
1039 1376 1138 1414 ille:
1169 1375 1290 1428 „Sed
1318 1391 1387 1417 me
1417 1379 1602 1418 maxime

142 1434 266 1488 angit
296 1429 584 1471 avuncuhmf‘
644 1429 894 1482 Quidnam?
932 1431 1124 1483 inquam.
1183 1432 1343 1483 „Quod
1371 1433 1494 1480 mihi,
1534 1435 1602 1472 in-

141 1575 149 1583 .
167 1559 237 1591 ..φ
256 1548 297 1579 ιλ
314 1544 477 1589 olera,
506 1544 647 1578 serium
674 1544 787 1585 nihil,
816 1549 853 1576 at
880 1545 999 1578 multa
1026 1546 1191 1588 literam,
1217 1547 1376 1580 Ernstes
1402 1547 1529 1581 nichts
1556 1547 1599 1581 in

139 1594 283 1627 seinem
324 1592 555 1636 Gespr'ziche,
596 1591 683 1625 aber
717 1592 819 1625 viele
845 1592 1095 1628 Belesenheit.
1133 1613 1180 1619 ——
1214 1596 1367 1628 libenter
1384 1595 1482 1639 fuit,
1520 1596 1599 1628 und

138 1653 220 1675 war
245 1640 316 1673 mit
342 1641 446 1681 Lust,
473 1651 591 1686 gerne
619 1639 673 1672 da.
702 1640 748 1673 So
773 1643 991 1684 periucunde
1007 1641 1093 1685 fuit
1118 1643 1143 1685 ἕ.
1160 1646 1191 1676 1.
1220 1662 1256 1668 —
1279 1645 1599 1688 ἕπισταθμιάν,

138 1690 210 1722 Md.
248 1688 329 1722 Asc.
364 1699 424 1732 pr.
460 1687 557 1725 Vict.
585 1689 619 1723 2.
658 1689 1023 1733 ἕπισταθμειάι·,
1060 1690 1384 1739 Einquartirung.
1425 1710 1472 1716 —
1508 1692 1602 1724 mihi

137 1742 281 1777 tamen,
320 1741 362 1768 ut
388 1746 500 1779 supra
527 1737 616 1776 dixi,
645 1748 716 1768 non
742 1738 943 1770 molestam.
982 1755 1029 1761 —
1062 1740 1267 1782 paullisper·
1292 1739 1350 1771 hic
1386 1749 1598 1772 commora-

136 1784 217 1818 bor.
245 1801 288 1809 -
317 1786 355 1817 in
382 1785 480 1818 Taso.
507 1783 678 1816 abiturus
705 1795 800 1816 sum.
826 1803 872 1809 —
895 1788 1115 1830 praeteriret
1143 1785 1286 1828 Caesar-2
1312 1804 1360 1811 —
1393 1789 1601 1821 omnis...ad

136 1844 276 1878 equum,
315 1844 386 1864 sass
418 1831 479 1864 die
516 1842 634 1877 ganze
670 1830 897 1865 bewaffnete
934 1833 1170 1866 Mannschaft
1207 1834 1334 1867 rechts
1379 1834 1481 1868 links
1520 1836 1596 1876 auf,

135 1891 206 1913 zur
231 1879 383 1912 Parade.
412 1898 453 1904 —
492 1891 556 1911 nec
582 1890 730 1922 usquam
755 1881 873 1921 alc'bz‘,·
911 1880 989 1915 scil.
1024 1880 1180 1914 honoris
1214 1893 1335 1923 causa,
1373 1882 1458 1915 dem
1484 1881 1598 1916 Dola-

134 1928 237 1961 bella
270 1939 318 1959 zu
350 1925 484 1960 Ehren
518 1938 599 1959 war
633 1925 695 1959 das
727 1926 957 1972 geschehen.
1021 1928 1069 1962 So
1105 1928 1185 1962 viel
1218 1929 1318 1962 hielt
1354 1940 1397 1963 er
1429 1931 1496 1962 auf
1523 1930 1596 1964 den

135 1975 346 2009 Dolabella.
374 1993 419 1998 —
454 1986 493 2006 ex
518 1973 628 2007 Nicia
655 1984 868 2021 cognosces,
919 1976 998 2009 Der
1024 1976 1177 2010 Curtius
1203 1976 1332 2010 Nicias
1361 1977 1596 2011 Grammati-

136 2034 212 2065 cus,
241 2022 303 2056 ein
328 2023 552 2056 Vertrauter
578 2022 641 2055 des
667 2021 877 2056 Dolabella.
918 2023 952 2057 S.
983 2035 1040 2068 ep.
1067 2025 1136 2059 588
1163 2035 1222 2057 am
1249 2024 1368 2058 Ende.

231 2097 262 2128 1.
316 2095 423 2128 Venit
447 2096 522 2133 ille,
553 2092 659 2127 mein
687 2092 796 2127 Neffe
824 2093 995 2136 Quintus.
1047 2094 1318 2128 Vermuthlich
1355 2095 1461 2130 hatte
1493 2097 1593 2130 Atti-

135 2142 205 2175 kus
231 2142 273 2175 in
300 2142 447 2175 seinem
467 2142 612 2175 letzten
630 2141 756 2174 Briefe
783 2141 1047 2188 geschrieben,
1075 2143 1153 2175 dass
1181 2155 1223 2176 er
1248 2143 1426 2177 kommen
1452 2144 1592 2179 werde.

135 2190 225 2237 Vgl.
253 2189 392 2223 iedoch
420 2201 475 2233 ep.
504 2191 586 2229 638,
604 2192 638 2225 2.
666 2208 712 2214 -
738 2188 958 2235 κατηφής,
986 2196 1021 2224 et
1049 2190 1203 2234 quidem
1230 2191 1430 2225 admodum
1459 2192 1593 2232 tristis,

134 2238 223 2271 sehr
248 2237 630 2285 niedergeschlagen.
659 2254 703 2261 —
730 2242 764 2269 et
789 2250 853 2283 ego
881 2248 967 2270 eum
996 2238 1258 2286 interrogavi:
1293 2238 1594 2283 oz)...01'vv11ovg‚·

133 2297 279 2319 warum
305 2295 344 2318 so
371 2286 410 2317 in
437 2284 681 2319 Gedanken?
715 2303 761 2309 ·-—
797 2288 930 2330 Rogas,
957 2285 1016 2318 Du
1043 2287 1160 2334 frag-st
1186 2286 1319 2320 noch?
1353 2287 1563 2331 Supplend.
1581 2299 1591 2319 ε

133 2344 253 2380 egone
281 2332 556 2380 cogitabundus
582 2333 665 2373 sim,
695 2337 753 2366 cui
776 2344 824 2365 Ξ
849 2344 967 2376 quum
994 2333 1102 2366 mihi.
1141 2352 1182 2358 —
1214 2335 1263 2367 ad
1286 2336 1416 2368 bellum
1444 2334 1594 2368 Parthi-

132 2393 233 2419 cum,
259 2380 359 2425 quod
387 2380 711 2425 Caesar-parabat.
738 2400 784 2406 --
808 2383 1052 2426 periculosum
1079 2381 1124 2414 ob
1151 2387 1390 2427 tempestates
1417 2388 1592 2416 metuen-

132 2429 205 2462 das.
257 2428 383 2461 Etiam
412 2427 542 2460 Parthi
579 2441 622 2461 ex
650 2428 774 2462 Crassi
809 2428 914 2462 clade
950 2429 1224 2463 metuebantur.
1266 2450 1307 2456 -
1344 2435 1462 2474 turpe,
1502 2430 1591 2473 quia

131 2488 216 2509 aere
243 2476 368 2509 alieno
394 2486 542 2519 pressus
568 2476 684 2509 Roma
711 2477 843 2510 abiret.
877 2477 977 2509 SCH.
1012 2495 1059 2502 —-·
1096 2479 1191 2520 (heae
1218 2481 1284 2517 vis,
1309 2476 1403 2512 Was
1429 2477 1511 2510 hast
1531 2478 1591 2510 Du

131 2524 231 2557 deun
258 2524 324 2557 auf
346 2523 431 2556 dem
458 2523 623 2565 Herzeu,
649 2524 742 2559 YVas
769 2524 910 2557 driickt
935 2523 1061 2556 Dich?
1110 2524 1248 2558 bemus
1276 2524 1347 2557 mit
1381 2525 1450 2558 der
1474 2524 1589 2568 Spra-

130 2571 224 2605 che!
256 2590 296 2596 —
324 2576 446 2604 tamen
472 2580 518 2601 Ξ·
546 2571 711 2616 insuper.
738 2590 784 2596 —
808 2585 851 2605 ne
877 2575 963 2606 viat.
992 2585 1023 2617 q.
1051 2573 1131 2605 scil.
1159 2572 1287 2605 habeo.
1315 2591 1361 2597 —
1396 2573 1473 2604 Hoc
1498 2574 1588 2612 loco,

129 2618 227 2657 hier,
254 2619 313 2652 bei
342 2618 466 2652 dieser
482 2618 749 2666 Celegenheit,
776 2619 880 2653 ietzt.
899 2638 945 2645 —
967 2624 1116 2662 sumpsi,
1144 2621 1264 2666 borgt’
1284 2618 1347 2652 ich
1368 2619 1439 2652 Dir
1457 2620 1587 2654 Etwas

130 2677 204 2699 von
231 2667 372 2700 Deiner
399 2667 438 2699 in
464 2665 619 2701 solchen
646 2667 781 2700 F'a'llen
845 2667 1117 2701 ew'ohnlichen
1144 2667 1431 2701 Beredsamkeit
1458 2667 1512 2700 ab.
1543 2687 1584 2692 —

130 2714 222 2747 Nam
247 2725 295 2746 z
322 2713 500 2748 n'a'mlich.
522 2717 788 2757 -τιυιιησαῖιιε,
848 2715 1030 2749 tticus.—
1056 2716 1262 2760 Qac‹{1.»cmz?
1286 2715 1362 2749 wie
1388 2725 1427 2748 so
1454 2714 1553 2748 ‹lenn
1569 2716 1585 2745 ’Β
