1795 3081
551 29 867 79 EPISTOLA
903 29 1174 80 DXXXIV.
1484 32 1581 80 249

129 159 176 193 ut
206 152 259 192 ad
288 152 540 192 Publilium.
585 150 670 191 Sed
703 163 874 191 necesse
903 160 1110 193 neutrum
1141 153 1238 192 fuit.
1285 152 1384 193 Hoc
1413 158 1461 193 tu
1491 157 1581 192 tra-

130 210 279 258 ctabis,
309 214 358 247 ut
387 209 469 247 tibi
499 206 687 248 videtur.

705 283 830 291 ——.——.

258 356 576 407 EPISTOLA
610 355 886 406 DXXXIV.
936 354 1018 414 (ad
1054 356 1157 402 ΑΗ.
1192 357 1302 406 ΧΠ.
1345 360 1443 418 17).

269 446 350 480 Sor.
378 445 536 479 Asturae
563 456 691 478 mense
716 446 856 479 Martio
882 445 923 478 A.
952 445 995 479 U.
1025 445 1063 478 c.
1091 447 1171 480 709.
1222 447 1269 486 (a.
1296 447 1333 479 e.
1361 449 1434 488 515.)

127 519 183 553 De
218 529 255 552 se
282 517 381 562 apud
408 515 642 560 Appuleium
680 523 879 558 excusato;
924 517 970 550 de
1006 517 1207 560 sponsione
1241 528 1312 560 pro
1341 517 1574 561 Cornifi0103

223 566 269 601 de
297 566 433 599 Pansae
459 563 720 608 profectione3
751 565 918 598 Atticam
948 570 985 597 et
1013 565 1151 597 Piliam
1178 565 1327 600 salvere
1354 566 1470 600 iubet.

622 634 799 669 CICERO
826 635 1004 669 ATTICO
1033 634 1067 669 S,

235 708 492 749 Marcianus
530 705 581 746 ad
618 721 685 747 me
723 710 901 762 scripsit
935 721 1003 747 me
1040 714 1292 749 excusatum
1331 722 1422 748 esse
1459 709 1575 763 apud

125 766 388 819 Appuleium
411 765 698 812 ahaterense,
728 764 917 811 Nasone,
946 763 1150 811 Laenate,
1181 763 1420 816 Torquato,
1453 764 1576 805 Stra-

125 820 254 860 bone:
284 822 339 859 iis
362 820 491 859 velim
508 833 600 858 meo
620 821 791 858 nomine
809 816 1045 857 reddendas
1064 819 1211 857 literas
1229 832 1371 869 cures,
1401 826 1575 874 gratum

126 877 236 915 mihi
268 889 338 913 eos
369 877 535 913 fecisse.
593 873 716 927 Quod
745 887 823 926 pro
842 872 1076 912 Cornificio
1108 886 1175 912 me
1205 874 1360 912 abhinc
1389 876 1574 927 amplius

126 932 248 969 annis
280 944 378 968 xxv.
410 929 687 983 spopondisse
714 928 823 967 dicit
839 929 1024 973 Flavius,
1054 929 1135 966 etsi
1165 941 1266 966 reus
1296 930 1489 982 locuples
1513 935 1576 969 est

127 985 424 1037 etAppuleius
449 985 698 1037 praediator
716 982 923 1029 liberalis,
958 989 1097 1021 tamen
1116 985 1246 1023 velim
1277 983 1351 1022 des
1382 998 1575 1036 operam,

125 1035 175 1079 nt
204 1041 439 1093 investiges
471 1053 523 1078 ex
553 1052 892 1093 consponsorum
921 1038 1097 1085 tabulis,
1129 1040 1240 1076 sitne
1271 1041 1357 1077 ita?
1385 1059 1437 1066 -
1467 1040 1576 1078 mihi

127 1096 242 1134 enim
280 1101 378 1133 ante
414 1094 680 1134 aedilitatem
719 1107 857 1132 ineam
899 1091 1008 1131 nihil
1051 1099 1146 1131 erat
1183 1107 1280 1131 cum
1312 1095 1569 1134 Cornificio:

126 1230 224 1265 Puhl.
252 1232 463 1272 mitterem,
491 1235 653 1267 fratrem
682 1233 890 1272 Publssiae,
928 1243 1042 1275 quam
1070 1243 1195 1277 nuper
1222 1232 1359 1266 Cicero
1388 1233 1512 1267 abero
1539 1239 1579 1268 et

127 1279 366 1322 sexagesimo
402 1280 504 1314 vitae
543 1293 640 1314 anno
679 1293 839 1315 uxorem
876 1281 1049 1315 duxerat.
1109 1281 1146 1313 S.
1182 1292 1230 1312 zu
1264 1292 1323 1324 ep.
1357 1280 1472 1315 DXV.
1498 1281 1575 1317 DL.

126 1326 321 1361 DXXXIX.
350 1327 554 1361 DXL11.—
581 1329 650 1361 Sed
669 1342 739 1363 nec.
765 1334 881 1362 neutr.
898 1327 992 1371 fait.
1043 1328 1268 1361 Bekannter
1294 1328 1440 1360 Massen
1470 1340 1575 1362 wur-

128 1374 202 1407 den
229 1385 306 1407 nur
331 1375 462 1408 sieben
489 1377 647 1424 Zeugen
676 1377 889 1416 erfordest,
927 1376 989 1408 die
1016 1375 1079 1408 ihr
1106 1374 1236 1422 Siegel
1262 1381 1373 1411 unter
1400 1376 1462 1408 das
1487 1376 1576 1410 Tes-

127 1427 278 1455 tament
303 1427 469 1465 setzten,
509 1436 572 1456 um
601 1437 647 1457 zu
681 1425 894 1470 bezeugen:
934 1423 987 1455 sie
1026 1422 1158 1456 hatten
1194 1435 1257 1455 aus
1293 1424 1355 1455 des
1381 1423 1574 1457 Testators

126 1469 270 1503 Munde
296 1469 446 1517 geho'rt,
474 1471 553 1504 dass
578 1473 671 1505 alles
698 1473 740 1505 in
768 1472 852 1505 dem
867 1471 1107 1503 Testamente
1124 1470 1357 1505 Enthalteue
1384 1470 1575 1505 wirklich

126 1517 208 1550 sein
235 1517 374 1550 letzter
399 1518 524 1552 wille
549 1519 613 1555 sei,
640 1538 682 1544 -—-
711 1521 787 1552 Hoc
812 1524 852 1551 tu
877 1523 1010 1558 tract„
1033 1517 1100 1550 ich
1125 1518 1315 1553 iiberlasse
1342 1519 1413 1551 Dir
1440 1519 1573 1553 diesen

125 1565 248 1598 Punct
273 1565 347 1597 mit
374 1566 583 1599 Terentien
611 1566 888 1604 abzumachen.
1597 1566 1606 1570 “

223 1615 253 1646 1.
303 1613 454 1646 Tullius
479 1614 702 1653 Marcianus,
728 1615 852 1648 Einer
877 1624 953 1646 von
980 1611 1145 1646 Cicero’s
1171 1612 1500 1659 Freigelassenen.
1524 1632 1573 1640 —-

127 1673 186 1705 ap.
212 1661 347 1705 Appal.
397 1659 431 1694 S.
460 1674 547 1694 zum
575 1663 701 1710 vorig.
726 1664 787 1700 ΒΓ,
821 1660 849 1702 §.
878 1664 913 1696 3.
939 1678 984 1684 —
1012 1674 1034 1693 α
1060 1660 1258 1696 Laterense.
1310 1660 1375 1694 Sic
1400 1662 1572 1695 scriben-

128 1709 218 1741 dum
248 1714 338 1747 erat,
366 1715 409 1741 ut
435 1708 477 1742 in
502 1711 729 1752 Plane-iana,
763 1714 794 1744 1.
821 1709 1011 1742 Laterensi
1037 1709 1132 1743 cett.
1163 1709 1236 1741 OR.
1261 1708 1311 1741 Μ.
1340 1709 1572 1752 Laterensis,

129 1766 148 1788 e
176 1756 371 1789 Iuvenciis
396 1757 530 1796 (Attio.
558 1758 610 1799 ΙΙ,
637 1759 711 1800 17),
739 1757 926 1791 studiosus
953 1756 1173 1797 Ciceronis,
1206 1764 1362 1801 praetor
1387 1757 1574 1804 ignoran-

128 1803 296 1836 tissimus
315 1804 410 1836 iuris
432 1806 558 1840 civilis
586 1807 647 1846 (ad
664 1805 782 1839 Attio.
801 1805 886 1842 ΧΠ,
908 1807 995 1845 17.),
1022 1816 1144 1850 augur
1170 1804 1232 1844 (ad
1248 1803 1396 1837 Divers.
1417 1804 1461 1844 X,
1482 1806 1574 1847 21.)‚

127 1850 276 1898 legatus
292 1851 428 1894 Lepidi
454 1854 517 1891 (ad
537 1854 685 1887 Divers.
714 1853 820 1893 V111,
851 1855 884 1887 8.
907 1853 953 1893 X,
980 1854 1066 1892 23.)
1095 1852 1136 1883 in
1163 1863 1246 1885 rem
1274 1852 1471 1895 publicam
1498 1853 1574 1886 fide

128 1897 304 1944 insignis.
340 1902 439 1933 Orat.
462 1900 589 1934 Vatin.
616 1912 649 1935 c.
678 1904 734 1934 11.
758 1919 805 1925 -
831 1899 941 1934 Naso.
968 1900 1076 1932 Idem
1105 1906 1160 1933 est
1187 1899 1226 1933 P.
1249 1900 1362 1940 Naso,
1389 1900 1456 1942 qui
1481 1911 1573 1944 pro-

127 1946 297 1979 vinciam
323 1957 343 1978 a
369 1946 418 1982 M.
441 1949 609 1982 Antonio
637 1949 867 1995 assignatam
894 1947 1097 1981 recusavit.
1149 1946 1238 1981 Vid.
1259 1946 1402 1991 Philip.
1425 1948 1493 1988 Ill,
1516 1951 1572 1982 10.

126 2012 174 2018 —
201 1992 352 2027 Laenas.
405 1995 439 2029 S.
470 2008 526 2040 ep.
553 1996 685 2030 DXXX
717 1998 771 2028 im
798 1996 886 2031 Ani,
915 1993 1088 2032 DXX1X‚
1114 1996 1147 2029 2.
1172 2013 1220 2019 —-
1252 1994 1447 2040 Torquato.
1498 1996 1574 2028 Hic

127 2042 226 2074 alius
253 2049 309 2075 est
321 2043 548 2085 Torquatus,
575 2045 617 2076 ab
634 2046 672 2077 A.
693 2049 727 2077 et
742 2044 782 2079 L.
796 2044 990 2086 Torquato
1018 2041 1201 2085 diversus,
1229 2049 1267 2075 et
1293 2042 1389 2085 ipse,
1416 2049 1458 2077 ut
1475 2043 1573 2077 reli-

129 2090 195 2131 qui
221 2088 287 2122 hic
314 2091 516 2130 nominati,
545 2094 647 2125 inter
673 2103 834 2138 augures
862 2097 953 2123 erat.
1003 2090 1106 2124 SCH.
1133 2108 1175 2115 —·
1206 2089 1390 2124 Strabone.
1430 2091 1573 2125 Utrum

127 2136 197 2169 hic
222 2136 270 2169 sit
297 2137 347 2170 M.
375 2136 509 2172 Strabo
538 2140 699 2180 Laenas,
728 2139 828 2183 quod
858 2138 1049 2172 Corradus
1074 2145 1206 2182 putat,
1247 2138 1314 2181 qui
1342 2138 1573 2172 Ciceronem

129 2184 300 2218 exsulem
336 2197 409 2217 una
445 2197 530 2218 cum
570 2188 692 2220 fratre
719 2187 756 2229 Q.
784 2185 982 2220 Brundisii
1018 2186 1059 2218 in
1093 2185 1223 2219 hortos
1258 2195 1343 2217 suos
1376 2189 1576 2230 receperat

131 2232 217 2271 (cfr.
234 2232 304 2275 Ep.
331 2235 397 2267 251
427 2241 462 2266 et
489 2241 581 2267 orat.
607 2245 677 2278 pro
692 2235 818 2270 Plano,
846 2245 877 2268 c.
903 2236 959 2267 41.
987 2243 1057 2277 pro
1074 2233 1179 2268 Sext.
1205 2244 1237 2266 c.
1261 2235 1348 2272 63.)‚
1376 2233 1574 2268 incertum

131 2284 197 2310 est.
246 2280 345 2314 SCH.
393 2281 487 2313 Drei
516 2281 701 2329 Collegen
730 2282 898 2316 Cicero’s
931 2283 985 2313 im
1012 2284 1207 2328 Augurate
1232 2283 1363 2315 waren
1389 2280 1574 2326 hinlang-

130 2324 213 2358 lich
236 2332 558 2373 gewesen,-—iis,
587 2331 671 2364 Asc.
698 2332 732 2364 2.
761 2329 862 2363 Crat.
888 2328 986 2366 Vict,
1017 2331 1048 2361 1.
1074 2328 1202 2363 hamb.
1228 2328 1295 2363 his.
1326 2329 1398 2361 ΟΒ.
1417 2347 1462 2353 -
1479 2328 1574 2364 redd.

130 2375 225 2406 liter.
253 2387 341 2415 curu,
379 2376 434 2408 sie
460 2376 689 2410 schriftlieh
713 2377 851 2411 wissen
880 2389 926 2410 zu
953 2377 1088 2410 lassen.
1114 2395 1161 2400 -
1195 2389 1265 2421 pro
1293 2377 1493 2420 Cornificio.
1535 2374 1575 2411 S.

131 2431 190 2464 ep.
217 2424 297 2461 530,
324 2424 418 2456 2.-—
437 2436 530 2465 reus,
558 2426 602 2464 is,
632 2437 650 2458 a
678 2436 752 2468 quo
779 2425 939 2468 pecunia
966 2424 1121 2467 petitur.
1140 2443 1185 2448 --
1203 2426 1358 2468 locuples
1383 2429 1433 2458 est
1459 2431 1576 2468 atque

131 2468 224 2501 adeo
252 2482 328 2502 non
363 2471 599 2509 timendum,
639 2485 685 2506 ne
715 2483 784 2515 pro
811 2471 882 2504 hac
909 2471 1114 2515 sponsione
1140 2472 1290 2505 solvere
1317 2472 1485 2505 debeam.
1536 2469 1574 2503 S.

134 2526 190 2559 ep.
219 2518 301 2557 530,
327 2519 359 2552 2.
388 2536 431 2542 —
457 2520 629 2559 liberalis,
656 2520 821 2552 minime
848 2518 1139 2560 fraudulentus,
1167 2520 1234 2562 qui
1264 2520 1370 2555 nobis
1397 2524 1434 2552 et
1459 2518 1574 2552 facile

132 2570 170 2596 et
194 2565 276 2598 sine
299 2565 386 2598 dolo
409 2568 657 2610 sponsionum
679 2568 762 2598 iura
783 2566 965 2599 ostendet.
981 2585 1026 2591 —-
1044 2567 1130 2605 tab„
1157 2565 1574 2612 Rechnungsbiichern.

131 2612 288 2646 —m'hil
310 2619 389 2646 erat
415 2626 506 2654 cum,
532 2614 595 2648 ich
624 2614 731 2647 stand
760 2615 799 2646 in
828 2625 898 2661 gar
924 2613 1077 2646 keinem
1105 2614 1288 2647 Verkehr
1314 2615 1395 2648 mit.
1420 2632 1467 2638 --
1493 2619 1577 2646 ante

134 2661 240 2695 aedil.
288 2661 437 2695 Aedilis
463 2673 545 2696 war
569 2661 706 2695 Cicero
733 2663 814 2698 685.
869 2661 952 2695 Von
980 2661 1024 2694 da
1050 2661 1106 2695 bis
1131 2664 1213 2703 709,
1238 2672 1297 2696 wo
1324 2662 1450 2696 dieser
1468 2661 1581 2695 Brief
