1795 3081
260 111 359 159 410
525 107 591 154 M.
626 107 678 155 Τ.
716 104 1050 154 CICERONIS
1084 105 1460 161 EPISTOLAE.

259 245 332 273 me
371 232 588 272 Phameae
632 227 846 277 defuisse,
887 239 1022 281 quum
1062 229 1160 268 eius
1206 242 1386 269 causam
1428 230 1715 282 recepissem:

260 301 395 341 quam
426 284 606 340 quidem
636 297 893 337 receperam
933 289 1091 323 contra
1120 296 1287 337 pueros
1319 284 1529 324 Octavios
1561 284 1638 325 Cn.
1668 283 1718 321 fi-

260 344 349 383 lios
380 355 467 381 non
497 341 712 380 libentert
742 336 819 378 sed
850 346 892 378 et
921 338 1141 378 Phameae
1173 352 1306 379 causa
1334 339 1553 380 volebam.
1611 338 1720 378 Erat

259 400 396 442 enim,
429 399 466 436 si
496 394 756 443 meministi,
787 394 832 432 in
863 394 1119 434 consulatus
1149 396 1366 447 petitione
1405 408 1486 447 per
1527 400 1570 434 te
1609 393 1722 432 mihi

261 453 510 506 pollicitus,
541 452 578 490 si
609 448 719 502 quid
749 461 860 501 opus
890 456 1029 489 esset:
1073 449 1192 503 quod
1223 462 1301 505 ego
1331 448 1516 503 perinde
1545 448 1720 497 tuebar,

258 521 310 548 ac
339 509 379 547 si
410 520 517 546 usus
548 518 701 545 essem.
764 504 803 543 Is
833 502 889 543 ad
918 517 985 544 me
1015 506 1141 544 venit
1170 503 1372 558 dixitque
1396 505 1595 545 iudicem
1618 515 1719 556 ope-

259 576 356 603 ram
388 561 496 601 dare
533 561 624 600 sibi
664 560 953 599 constituisse
991 572 1044 598 eo
1082 558 1154 599 die
1197 561 1310 613 ipso,
1352 574 1440 613 quo
1478 559 1533 599 de
1574 558 1720 599 Sestio

258 625 414 658 nostro
447 618 542 674 lege
571 616 779 668 Pompeia
807 615 854 654 in
885 615 1123 654 consilium
1154 615 1214 654 iri
1246 628 1424 655 necesse
1456 621 1565 654 erat.
1625 612 1722 653 Scis

257 674 377 713 enim
416 669 510 712 dies
550 671 736 710 illorum
775 668 1050 709 iudiciorum
1090 672 1380 721 praestitutos
1419 671 1569 709 fuisse.
1639 668 1722 707 Re-

257 726 419 782 spondi
460 740 548 767 non
588 727 799 781 ignorare
851 738 967 774 eum,
1023 722 1130 777 quid
1177 739 1258 779 ego
1307 724 1514 766 deberem
1552 723 1720 764 Sestio:

257 797 388 837 quem
418 783 557 824 vellet
586 782 725 820 alium
756 781 872 820 diem
904 783 941 819 si
970 781 1253 833 sumpsisset,
1293 794 1361 820 me
1402 782 1445 820 ei
1476 793 1563 819 non
1595 779 1721 819 defu-

255 844 425 878 turum.
488 838 553 876 Ita
583 843 679 876 tum
712 836 789 875 ille
820 835 1022 874 discessit
1052 837 1204 874 iratus.
1262 835 1374 875 Puto
1406 849 1475 875 me
1506 835 1589 875 tibi
1619 847 1722 873 nar-

256 907 392 933 rasse.
451 892 556 933 Non
588 891 792 931 laboravi
823 890 992 930 scilicet
1022 903 1103 928 nec
1133 890 1327 929 hominis
1357 891 1494 930 alieni
1522 891 1720 929 iniustis·

213 944 411 989 2siman1
440 947 715 988 iracundiam
759 946 867 984 mihi
905 944 1147 984 curandam
1179 947 1347 998 putavi.
1408 945 1538 985 Gallo
1571 952 1720 984 autem

253 1005 452 1050 narraxi,
484 1015 619 1056 quum
638 1002 838 1052 proxime
862 1000 1024 1039 Romae
1046 1001 1125 1050 fui,
1160 1000 1267 1053 quid
1297 1000 1547 1044 audisse1n3
1578 1012 1718 1053 neque

254 1059 487 1099 nominavi
522 1057 703 1096 Balbum
734 1057 965 1094 minorem.
1008 1055 1181 1095 Habuit
1211 1070 1340 1095 suum
1361 1056 1592 1110 negotium
1614 1055 1719 1095 Gal-

252 1113 338 1164 lus,
379 1121 429 1153 ut
457 1112 627 1152 scribit.
692 1111 768 1151 Ait
806 1111 936 1150 illum
976 1124 1045 1150 me
1089 1110 1227 1150 animi
1268 1111 1554 1160 conscientia,
1600 1108 1721 1164 quod

252 1262 393 1304 tendit,
435 1261 569 1296 erhebt
607 1272 649 1294 ei·
687 1261 774 1294 eine
814 1260 954 1294 hb'chst
988 1260 1182 1308 unbillige
1216 1261 1335 1309 Klage
1370 1272 1495 1309 gegen
1529 1259 1646 1293 mich.
1673 1278 1722 1284 —

256 1312 443 1349 Phameae,
471 1309 633 1356 Tigellii
659 1319 740 1345 avo.
761 1327 806 1333 -
833 1314 962 1342 contra
985 1321 1114 1353 pueros
1142 1311 1324 1350 Octavios,
1350 1310 1451 1343 forte
1477 1309 1544 1344 Cn.
1572 1308 1720 1342 Octavii

254 1359 368 1399 filios,
397 1357 463 1401 qui
489 1369 535 1391 ex
562 1357 763 1390 consulatu
788 1358 845 1390 ΞΟ.
862 1359 932 1391 678
958 1362 1062 1404 gesto
1084 1357 1323 1391 Macedoniae
1345 1356 1557 1401 proconsul
1583 1357 1719 1390 fuerat.

253 1425 302 1432 —-
325 1419 396 1440 ,ηοη
423 1407 587 1447 libenter,
615 1410 657 1437 ut
684 1410 817 1438 contra
844 1404 967 1446 orbos,
998 1405 1083 1438 boni
1110 1404 1185 1438 viri
1211 1404 1312 1439 filios
1331 1410 1368 1438 et
1388 1403 1555 1438 Caesaris
1575 1404 1720 1437 affines.

255 1456 465 1489 CORRAD.
490 1472 538 1478 —
571 1453 636 1486 sed
668 1457 702 1485 et
728 1453 789 1486 Ph.
826 1465 922 1486 caus.
957 1455 1040 1494 vol„
1077 1453 1167 1487 aber
1200 1453 1264 1486 ich
1299 1464 1381 1487 war
1414 1452 1512 1485 auch
1546 1451 1719 1500 geneigt‚

255 1503 343 1536 dem
368 1502 548 1536 Phameas
573 1512 621 1533 zu
649 1500 801 1539 dienen,
829 1520 876 1525 —
902 1503 940 1534 in
966 1513 1059 1535 cons.
1084 1506 1167 1546 pet„
1195 1501 1270 1534 mir
1295 1501 1355 1535 bei
1383 1500 1552 1534 meinem
1574 1499 1720 1533 Anhal-

255 1557 322 1585 ten
348 1562 413 1583 um
439 1549 502 1583 das
520 1549 710 1583 consulat.
738 1567 785 1574 —-
806 1551 997 1595 pollicitus
1023 1560 1177 1593 operam
1203 1561 1322 1585 suam,
1346 1567 1388 1574 —
1416 1550 1567 1592 perinde
1591 1549 1720 1582 tuebar

255 1604 345 1640 cet„
371 1597 452 1631 und
479 1597 610 1630 diesen
644 1597 776 1630 seinen
812 1602 929 1646 guten
964 1597 1118 1632 Willen
1157 1597 1340 1631 rechnete
1375 1596 1440 1629 ich
1474 1596 1556 1629 ihm
1591 1607 1630 1629 so
1657 1607 1718 1637 an,

255 1647 311 1681 als
338 1646 383 1680 ob
410 1645 475 1679 ich
501 1644 689 1680 wirklich
716 1644 837 1678 davon
865 1645 1069 1678 Gebraueh
1095 1645 1274 1692 gemacht
1299 1645 1415 1678 hatte.
1448 1662 1493 1669 —
1527 1645 1718 1678 iudicem...

253 1707 390 1730 necesse
415 1699 505 1735 erat,
543 1692 653 1735 „sein
679 1692 838 1726 Richter
873 1692 976 1726 hatte
1002 1704 1073 1725 zur
1096 1692 1392 1739 Entscheidung
1417 1695 1538 1725 seines
1564 1691 1720 1725 Rechts-

255 1742 416 1776 handels
452 1741 525 1775 den
563 1740 783 1774 n'zimlichen
807 1741 889 1773 Tacr
922 1745 1126 1788 angesetzt,
1162 1752 1208 1773 an
1240 1740 1432 1774 welchem
1470 1739 1536 1772 ich
1561 1739 1615 1771 als
1642 1739 1720 1772 An·
1772 1751 1776 1752 ⁷

257 1791 352 1825 walt
391 1789 454 1823 des
481 1791 518 1822 P.
546 1788 687 1822 Sestius
723 1788 783 1823 bei
810 1769 1109 1834 E1i³tscheidung
1143 1788 1213 1821 der
1245 1788 1367 1822 wider
1403 1788 1473 1821 ihn
1508 1787 1607 1820 nach
1634 1787 1719 1820 dem

255 1837 549 1883 Pompeiischen
577 1836 735 1870 Gesetze
772 1835 818 1870 de
856 1836 1000 1869 ambitu
1038 1827 1258 1869 erhobenen
1284 1835 1457 1883 Anklage
1482 1834 1721 1868 unentbehr-

255 1886 341 1920 lich
366 1888 488 1919 war.“
525 1887 601 1930 lege
628 1885 800 1929 Pompeia
827 1883 872 1918 de
898 1884 1053 1917 ambitu.
1103 1884 1198 1917 Nam
1235 1885 1275 1917 de
1301 1887 1336 1917 vi
1368 1884 1490 1916 multo
1525 1888 1611 1916 ante
1647 1885 1721 1928 Iege

256 1936 412 1970 Lutatia
440 1945 525 1967 reus
549 1935 672 1965 factus
699 1937 793 1972 erat,
823 1943 939 1975 quum
967 1943 1052 1965 eum
1080 1930 1215 1965 Cicero
1243 1932 1430 1973 oratione,
1467 1942 1561 1974 quae
1589 1936 1719 1972 exstat,

256 1981 490 2017 defenderet.
518 1981 616 2015 SCH.
645 1998 686 2004 —
712 1984 953 2024 praestitutos
968 1979 1102 2024 fuisse,
1134 1979 1214 2013 dass
1242 1979 1364 2012 durch
1391 1980 1557 2026 besagtes
1585 1978 1719 2012 Gesetz

257 2032 319 2065 die
346 2031 460 2075 Tage,
497 2041 545 2061 an
579 2028 758 2062 welchen
796 2028 896 2061 diese
925 2028 1096 2075 Gattnng
1128 2038 1203 2061 von
1229 2027 1590 2074 Beschiildigungen
1617 2026 1720 2060 eines

256 2076 638 2113 Staatsverbrechens
675 2081 843 2109 mussten
880 2075 1112 2110 verhandelt
1152 2075 1229 2107 und
1267 2067 1509 2123 abgenrthelt
1548 2074 1720 2114 werden,

256 2127 472 2160 dermassen
507 2124 705 2157 bestimmt
739 2136 890 2163 waren,
932 2124 1014 2157 dass
1049 2123 1379 2170 schlechterdings
1407 2123 1498 2156 kein
1526 2121 1718 2155 Anfschnb

255 2175 356 2209 Statt
381 2172 481 2207 saud.
518 2191 563 2197 —
597 2173 703 2213 diem,
739 2172 913 2204 n'a‘mlich
944 2183 1013 2204 zur
1038 2171 1309 2219 Ausmachung
1335 2171 1456 2204 seines
1482 2170 1719 2204 Rechtshan-

258 2222 354 2256 deis.
382 2240 428 2246 -—
464 2220 544 2254 Non
570 2222 684 2254 labor.
709 2222 800 2261 scil„
837 2219 903 2253 ich
937 2219 1026 2253 liess
1061 2219 1164 2252 mich
1202 2219 1274 2253 Das
1312 2219 1472 2252 sreilich
1505 2218 1618 2251 nicht
1653 2230 1718 2251 an-

257 2270 428 2304 sechten.

354 2320 387 2353 2.
436 2316 591 2349 Balbum
617 2318 794 2350 minorem
827 2316 851 2349 i.
894 2327 923 2350 e.
956 2325 1033 2348 non
1072 2314 1153 2348 dixi
1193 2326 1254 2348 me
1289 2314 1329 2348 id
1365 2314 1512 2348 audisse
1547 2326 1567 2347 a
1602 2314 1718 2347 Balbo

259 2366 423 2400 minore.
477 2365 512 2397 Is
550 2364 655 2398 enim
690 2376 807 2407 quum
842 2363 1013 2410 Tigellio
1051 2362 1305 2395 familiariter
1342 2369 1529 2400 uteretur,
1556 2362 1597 2394 in
1627 2372 1717 2395 con-

258 2413 463 2447 suetudine
503 2418 739 2459 cognoverat
780 2411 890 2444 illius
926 2411 1101 2443 animum
1139 2410 1382 2444 offensiorem
1421 2421 1498 2443 esse
1538 2409 1717 2443 Ciceroni

258 2467 421 2507 propter
439 2459 655 2499 Phameam,
685 2470 803 2502 eaque
823 2459 867 2492 de
887 2470 930 2492 re
955 2458 1161 2492 certiorem
1188 2459 1330 2491 fecerat
1351 2458 1521 2492 Gallum.
1539 2456 1718 2491 MANUT.

258 2528 305 2534 ·-—
334 2510 470 2542 Habuit
493 2520 599 2541 suum
624 2511 821 2552 negotium,
857 2506 962 2540 hatte
989 2507 1070 2539 sein
1096 2504 1223 2546 Thun‚
1259 2506 1362 2539 seine
1388 2505 1489 2539 liebe
1514 2505 1618 2539 Noth
1646 2504 1720 2538 mit

258 2557 466 2603 Tigellius,
494 2555 623 2588 indem
652 2566 694 2588 er
729 2554 799 2586 ihn
835 2553 959 2586 durch
985 2553 1104 2586 Tadel
1140 2553 1217 2585 und
1243 2553 1441 2597 Mahnung
1473 2565 1520 2586 zu
1548 2553 1719 2586 besserer

260 2604 495 2650 Gesinnung
520 2603 598 2636 und
625 2603 691 2635 auf
716 2603 854 2635 andere
882 2600 1096 2635 Gedanken
1123 2600 1288 2647 bringen
1315 2601 1461 2634 wollte.
1495 2600 1530 2635 S.
1559 2612 1615 2645 ep.
1637 2602 1716 2635 639.

258 2671 306 2676 —
332 2654 398 2685 Ait
423 2653 529 2685 illum
555 2650 641 2685 scil.
665 2651 791 2690 dicere,
816 2649 893 2682 wie
920 2649 974 2682 als
1002 2648 1165 2681 coniect.
1193 2648 1234 2680 in
1263 2660 1312 2681 m.
1341 2650 1432 2682 1582
1457 2647 1719 2694 hinzugefiigt

259 2699 373 2734 wird.
417 2711 489 2741 „er
514 2704 609 2744 sagt,
648 2697 773 2730 dieser
808 2697 933 2730 bleibe
969 2696 1097 2729 dabci:
1133 2696 1230 2728 bloss
1257 2695 1319 2728 das
1346 2696 1610 2735 Bewusstsein‚
1636 2694 1716 2727 dass

260 2747 327 2781 ich
355 2748 430 2781 den
456 2746 637 2780 Phameas
673 2745 728 2778 ini
755 2743 865 2779 Stich
893 2744 1065 2791 gelassen
1098 2743 1215 2785 h'zitte,
1244 2743 1378 2777 mache
1405 2742 1511 2776 mich
1537 2742 1716 2790 argwiih-
