1795 3081
0 1032 17 1578 1-3‘1303—-00‘4‘5-L2vt—-Q-

583 32 905 83 EPISTOLA
939 35 1142 87 DXVII.
1493 39 1591 88 215

130 167 251 202 tanta
280 165 365 210 est,
411 163 622 214 quantum
657 158 703 196 in
742 157 952 210 cuiusque
989 158 1136 197 animo
1166 158 1338 198 roboris
1369 163 1433 198 est
1461 163 1592 210 atque

130 229 385 257 nervorum.
431 215 480 255 Si
509 215 625 254 enim
654 213 764 252 bene
794 215 957 252 sentire
987 220 1192 266 recteque
1221 215 1365 253 facere
1393 214 1496 252 satis
1527 221 1591 253 est

129 272 184 312 ad
214 273 321 311 bene
352 271 561 323 beateque
589 267 851 313 vivendum,
883 281 1063 313 vereor,
1096 283 1150 308 ne
1180 283 1306 315 eum,
1337 270 1411 321 qui
1442 281 1487 307 se
1516 281 1589 321 op-

128 330 340 368 timorum
370 326 650 366 consiliorum
679 325 945 363 conscientia
982 329 1225 364 sustentare
1259 326 1418 377 possit,
1462 325 1589 363 mise-

130 397 232 422 rum
263 395 355 422 esse
383 383 500 420 nefas
529 381 585 420 sit
614 377 771 418 dicere.
801 378 896 417 Nec
917 380 1033 418 enim
1052 392 1129 418 nos
1149 380 1344 419 arbitror
1371 379 1589 419 victoriae

128 440 336 493 praemiis
371 436 522 475 ductos
561 435 745 487 patriam
783 434 889 472 olim
919 441 962 473 et
992 435 1152 474 liberos
1184 441 1227 473 et
1255 438 1451 474 fortunas
1482 434 1588 473 reli-

129 496 300 546 quisse3
347 490 422 530 sed
458 488 674 543 quoddam
712 489 838 529 nobis
879 490 1077 528 officium
1121 492 1287 529 iustum
1324 496 1367 529 et
1394 491 1516 543 pium
1547 495 1590 529 et

130 550 325 589 debitum
354 548 420 586 rei
447 545 650 599 publicae
688 551 949 597 nostraeque
985 545 1192 598 dignitati
1227 543 1486 584 videbamur
1523 558 1588 584 se-

128 605 225 658 qui:
256 616 358 649 nec,
402 614 534 654 quum
563 599 609 639 id
637 601 927 652 faciebamus,
968 607 1056 638 tam
1086 613 1257 640 eramus
1286 606 1502 650 amentes,
1539 606 1589 638 ut

129 660 355 712 explorata
383 657 508 695 nobis
538 663 651 696 esset
679 657 881 697 victoria.
941 656 1088 707 Quare
1118 657 1154 694 si
1183 655 1229 694 id
1259 657 1428 704 evenit,
1473 653 1588 707 quod

127 712 477 770 ingredientibus
507 712 630 750 nobis
660 713 706 750 in
740 724 914 750 causam
955 712 1229 764 propositum
1266 712 1355 750 fuit
1391 709 1590 750 accidere

126 782 273 824 posse,
302 780 389 806 non
418 764 622 806 debemus
650 768 712 806 ita
742 765 900 806 cadere
928 767 1109 817 animis,
1140 767 1263 819 quasi
1294 764 1461 818 aliquid
1492 779 1591 805 eve-

127 826 258 874 nerit,
290 820 406 876 quod
434 822 534 861 fieri
563 835 690 875 posse
717 835 937 875 nunquam
967 824 1225 874 putarimus
1275 820 1422 860 Simus
1452 822 1591 874 igitur

129 893 178 920 ea
207 885 376 928 mente,
426 891 556 930 quam
586 880 698 917 ratio
728 883 771 915 et
797 879 960 916 veritas
990 878 1274 930 praeseribit,
1318 882 1367 916 ut
1403 876 1512 914 nihil
1544 877 1588 914 in

130 937 223 976 vita
255 935 382 973 nobis
412 932 725 985 praestandum
762 939 940 985 praeter
978 933 1149 985 culpam
1189 939 1413 986 putemus:
1453 944 1590 984 eaque

128 1003 263 1043 quum
292 1001 533 1037 careamuS,
564 990 709 1028 omnia
739 988 926 1026 humana
955 988 1124 1041 placate
1154 994 1197 1027 et
1225 987 1449 1026 moderate
1478 987 1590 1025 fera-

126 1059 237 1084 mus.
295 1045 440 1097 Atque
470 1043 576 1087 haec
617 1057 667 1083 eo
708 1045 902 1097 pertinet
937 1046 1098 1088 oratio,
1142 1049 1213 1093 ut,
1243 1041 1427 1096 perditis
1458 1043 1588 1081 rebus

127 1101 352 1148 omnibus,
400 1105 544 1137 tamen
573 1101 668 1152 ipsa
695 1101 840 1139 virtus
869 1112 913 1137 se
944 1104 1189 1137 sustentare
1220 1112 1344 1152 posse
1374 1096 1588 1138 videatur.

126 1155 228 1206 Sed,
259 1156 295 1193 si
327 1160 392 1193 est
420 1168 517 1206 spes
547 1155 695 1208 aliqua
716 1155 848 1193 rebus
875 1155 1195 1203 comnmnibus,
1229 1167 1278 1193 ea
1307 1161 1372 1203 tu,
1405 1155 1589 1206 quicun-

127 1224 213 1264 que
251 1215 387 1249 status
424 1215 488 1254 est
525 1210 728 1259 futurus,
774 1223 926 1249 carere
966 1223 1051 1247 non
1093 1208 1233 1249 debes.
1302 1208 1444 1261 Atque
1482 1208 1588 1247 haec

125 1265 232 1306 mihi
261 1265 469 1305 scribenti
498 1267 703 1311 veniebat
732 1266 778 1303 in
808 1271 995 1304 mentem
1025 1278 1093 1304 me
1124 1278 1214 1304 esse
1242 1277 1355 1313 eum,
1386 1265 1511 1302 cuius
1539 1270 1589 1302 tu

127 1321 475 1373 desperationem
511 1334 718 1360 accusare
758 1321 911 1360 solitus
941 1334 1054 1359 esses
1084 1332 1302 1373 quemque
1330 1320 1591 1358 auctoritate

128 1383 204 1415 tua
249 1381 529 1415 cunctantem
580 1382 622 1414 et
672 1374 942 1414 diffidentem
992 1377 1195 1414 excitare.
1273 1375 1369 1427 Quo
1414 1373 1590 1427 quidem

127 1438 326 1483 ,tempore
355 1443 442 1469 non
473 1443 550 1485 ego
584 1444 758 1470 causam
787 1436 1003 1476 nostram,
1048 1429 1124 1469 sed
1159 1431 1390 1469 consilium
1426 1431 1590 1482 impro-

128 1487 297 1525 babam.
356 1484 464 1524 Sero
494 1488 611 1525 enim
641 1499 717 1525 nos
748 1487 802 1525 iis
832 1487 964 1524 armis
987 1485 1212 1526 adversari
1235 1483 1448 1530 videbam,
1481 1497 1591 1537 quae

127 1541 266 1579 multo
296 1547 397 1580 ante
427 1541 680 1580 confirmata
710 1554 789 1594 per
817 1542 1098 1594 nosmetipsos
1129 1548 1277 1589 erant3
1309 1539 1590 1592 dolebamque

126 1596 230 1650 pilis
261 1601 303 1635 et
335 1593 510 1651 gladiis,
556 1610 642 1636 non
672 1596 868 1635 consiliis
898 1610 1036 1650 neque
1065 1597 1398 1635 auctoritatibus
1429 1596 1591 1634 nostris

129 1651 181 1691 de
222 1652 319 1690 iure
355 1651 530 1705 publico
572 1651 818 1705 disceptari.
888 1651 1041 1704 Neque
1081 1665 1160 1706 ego
1201 1665 1275 1700 ea,
1328 1664 1437 1704 quae
1475 1651 1591 1689 facta

128 1712 250 1754 sunt,
292 1707 385 1745 fore
415 1720 548 1758 quum
579 1707 800 1757 dicebam,
842 1705 1090 1747 divinabam
1122 1709 1292 1746 futurat
1337 1705 1431 1754 sed,
1474 1704 1591 1759 quod

128 1766 179 1801 et
198 1762 295 1800 fieri
325 1774 452 1814 posse
482 1768 524 1801 et
555 1764 786 1801 exitiosum
815 1764 929 1807 fore,
961 1764 997 1801 si
1027 1764 1259 1810 evenisset,
1288 1759 1513 1806 videbam,
1545 1759 1591 1799 id

129 1830 183 1856 ne
211 1815 452 1866 accideret,
481 1818 708 1858 timebam:
739 1819 999 1870 praesertim
1029 1831 1184 1870 quum,
1216 1818 1252 1855 si
1275 1815 1379 1855 mihi
1403 1818 1591 1855 alterum

127 1877 277 1910 utrum
319 1870 371 1909 de
410 1879 567 1911 eventu
595 1879 724 1925 atque
755 1874 879 1911 exitu
909 1886 1058 1911 rerum
1088 1872 1432 1926 promittendum
1464 1877 1590 1921 esset,

128 1926 175 1967 id
205 1927 425 1976 futurum,
462 1927 580 1981 quod
611 1930 779 1978 evenit,
816 1929 1089 1981 exploratius
1119 1941 1289 1982 possem
1318 1928 1588 1981 promittere.

130 2075 233 2097 vera.
290 2063 479 2098 ORELLI.
507 2083 552 2089 —
577 2070 619 2097 at
645 2067 837 2109 explorata
864 2072 959 2106 cet„
998 2064 1080 2098 dass
1113 2063 1191 2102 wir
1216 2064 1291 2098 den
1318 2063 1409 2112 Sieg
1435 2064 1489 2097 als
1516 2075 1588 2096 un-

131 2111 288 2145 sehlbar
313 2112 559 2157 ausgemacht
585 2125 653 2145 uns
680 2114 953 2158 versprachen.

226 2161 259 2192 4-
313 2160 408 2204 quod
430 2162 740 2205 ingredientibus.
761 2190 766 2196 .
791 2190 796 2196 .
818 2162 979 2195 accidere
1005 2173 1117 2203 posse,
1156 2172 1232 2195 was
1274 2161 1353 2194 wir
1390 2172 1457 2193 uns
1483 2160 1585 2193 beim

134 2205 305 2240 Eintritt
339 2207 379 2239 in
416 2208 488 2240 den
517 2207 797 2255 Kriegshandel
825 2209 879 2242 als
908 2208 1085 2256 nn'oglich
1111 2210 1343 2256 vorgestellt
1370 2209 1513 2241 hatten.
1545 2226 1584 2232 —

133 2254 258 2287 cadere
284 2257 418 2289 animis
444 2256 517 2288 den
547 2256 657 2289 Muth
688 2258 826 2291 sinken
855 2258 989 2291 lassen.
1020 2276 1060 2281 -
1096 2261 1241 2294 veritus,
1268 2259 1360 2290 Liin.
1390 2260 1516 2290 virtus.
1540 2275 1586 2279 —-

133 2302 229 2334 ηιἸιίί
255 2327 262 2334 .
291 2328 298 2334 .
327 2330 334 2337 .
356 2308 506 2348 praeler·
531 2307 686 2348 culpam,
715 2306 768 2338 im
793 2306 918 2338 Leben
943 2304 1080 2337 Nichls
1106 2316 1235 2344 ausser·
1263 2306 1422 2352 eigener
1440 2304 1585 2338 Schuld

132 2362 180 2381 zu
220 2357 512 2384 verantworten
552 2365 597 2384 zu
637 2353 774 2386 haben.
813 2372 856 2377 —
897 2354 1077 2392 Ιιιιηιυηα,
1117 2365 1193 2386 was
1232 2365 1320 2385 vom
1363 2353 1481 2385 linose
1519 2352 1587 2384 der

135 2396 378 2431 luenschheit
402 2401 727 2440 unzertrcnnlich
757 2401 816 2434 ist.
844 2419 887 2425 —-
922 2403 1077 2446 perditis
1104 2403 1174 2434 reb.
1202 2413 1293 2435 omn.
1322 2407 1407 2432 stall
1436 2407 1472 2432 ul
1502 2411 1588 2443 per-

133 2444 212 2477 dita
239 2447 318 2478 sint
344 2446 494 2485 omnia,
521 2460 633 2482 wcnn
661 2449 759 2481 auch
786 2449 890 2482 Alles
923 2451 1106 2482 verim-011
1135 2450 1193 2482 ist.
1225 2469 1271 2474 ——
1310 2451 1411 2481 rebus
1446 2459 1588 2487 comm„

133 2492 285 2575 &iollas
313 2493 546 2540 allgemeine
572 2495 783 2529 Schicksal.
814 2516 855 2522 —
893 2501 984 2543 quic.
1012 2503 1130 2531 stat-as
1155 2503 1204 2531 est
1222 2497 1399 2541 suturas,
1428 2496 1503 2530 wie
1531 2507 1588 2541 ep.

189 2541 196 2546 V
268 2563 278 2581 γ
306 2543 340 2575 ‘'l-

228 2601 260 2633 5.
313 2603 468 2634 excitare
494 2603 629 2637 solitus
655 2615 758 2638 esses.
793 2623 838 2629 --
873 2608 938 2645 iis,
976 2604 1047 2638 Md.
1079 2606 1179 2639 Vict.
1207 2608 1239 2639 2.
1268 2604 1322 2636 ln‘s
1350 2606 1472 2636 armis.
1517 2604 1588 2638 ΟΒ,

136 2646 306 2679 Caesaris
332 2649 459 2684 armis.
490 2651 634 2683 Sero:
653 2663 700 2683 zu
728 2654 820 2696 sp'zil.
840 2670 879 2676 —
902 2655 942 2686 de
969 2656 1045 2685 iure
1068 2654 1227 2697 publico,
1256 2653 1349 2684 iiber
1375 2651 1435 2684 die
1462 2658 1589 2684 staats-

137 2694 331 2730 rechtlihe
347 2697 470 2745 Frage
495 2698 537 2732 iu
553 2699 739 2734 Hinsicht
759 2700 827 2735 der
837 2701 1122 2748 Forderungen
1142 2701 1205 2735 des
1220 2701 1360 2735 Casars.
1377 2718 1422 2723 --
1439 2705 1591 2738 auctor„
