1795 3081
580 38 901 88 EPISTOLA
944 39 1166 87 DCXllI.
1451 47 1546 93 375

103 159 188 196 tius
219 164 383 208 curem,
420 170 548 212 quam
581 165 658 198 aut
696 157 748 198 de
785 171 963 198 rumore
1001 167 1077 199 aut
1114 159 1168 200 de
1201 161 1412 202 Pollione.
1482 164 1546 204 De

103 213 238 252 Pansa
268 215 411 259 etiam,
441 215 478 252 si
508 212 613 265 quid
640 215 805 254 certius
835 236 883 243 -—
906 213 1038 253 credo
1069 216 1183 254 enim
1212 217 1355 269 palam
1384 219 1546 258 factum

102 281 205 307 esset
247 292 293 298 -
326 268 379 307 de
410 268 623 318 Critonio,
662 269 698 308 si
732 266 837 320 quid
870 274 1000 308 esset:
1047 276 1168 310 certe
1196 284 1250 310 ne
1278 271 1332 312 de
1360 272 1545 312 Metello

102 329 145 362 et
172 323 370 362 Balbino.
428 323 512 362 Dic
540 323 664 371 mihi,
703 323 902 374 placetne
931 324 1029 373 tibi,
1068 326 1276 377 primum,
1311 326 1440 367 edere
1478 327 1584 366 i11-4

100 379 220 416 iussu
248 382 373 418 meo?
411 378 510 416 Hoc
540 390 593 416 ne
623 376 928 416 Hermodorus
958 378 1132 430 quidem
1163 381 1367 433 faciebat,
1405 386 1441 423 is
1470 384 1544 435 «sui

101 433 293 472 Platonis
337 432 476 472 libros
513 433 668 470 solitus
711 439 776 471 est
812 431 1070 488 divulgare3
1121 447 1173 474 ex
1211 449 1312 488 quo,
1350 432 1546 490 λόγοισιν

96 484 378 543 Ἑρμόδωρος.
454 486 570 538 Qujd
608 486 751 526 illud?
805 494 1030 527 rectumne
1076 491 1297 529 existimas
1342 494 1544 544 cuiquam

101 550 199 582 ante
243 556 371 595 quarn
411 541 582 581 Bruto?
621 544 693 580 cui
737 548 781 582 te
820 548 1003 581 auctore
1039 557 1074 583 π
1105 546 1299 598 οςφωνιῦ.
1354 545 1545 600 Scripsit

102 600 215 636 enim
244 598 402 636 Ealbus
437 595 493 635 ad
520 609 589 636 me
618 610 662 635 se
691 611 716 636 a
745 603 788 637 te
826 599 1025 650 quintum
1099 612 1121 638 e
1155 600 1335 639 Finibus
1377 602 1543 640 librum

101 651 398 705 descripsisse:
429 652 475 689 in
505 664 590 704 quo
619 665 708 691 non
745 665 847 692 sane
884 653 1024 692 multa
1060 656 1243 705 mutavi,
1285 654 1359 695 sed
1400 663 1541 696 tamen

99 707 319 759 quaedam.
377 705 450 745 Tu
477 713 622 746 autem
650 707 875 747 commode
903 709 1075 758 feceris,
1111 710 1148 747 si
1177 711 1372 762 reliquos
1402 713 1542 750 conti—

101 765 258 808 nueris,
303 775 358 801 ne
398 767 442 800 et
474 756 733 818 ἀδιόρθωτα
769 762 927 802 habeat
954 763 1113 802 Balbus
1154 770 1197 803 et
1226 762 1341 805 ἕωλα
1370 767 1540 805 ΒιἮωε.

99 817 182 856 Sed
222 818 327 856 haec
375 815 598 867 hactenus,
651 831 704 856 ne
746 815 902 856 videar
941 815 1044 872 περὶ
1083 816 1222 872 μικρὰ
1261 817 1539 872 σπουδάζειν.

99 874 186 912 Etsi
222 885 337 911 nunc
374 870 549 924 quidem
586 876 774 911 maxima
814 872 924 910 mihi
970 879 1070 912 sunt
1117 873 1237 914 haec.
1318 874 1434 926 Quid
1477 884 1542 915 est

99 929 212 968 enim
243 925 386 966 aliud?
422 925 619 965 Varroni
648 926 824 979 quidem
854 940 963 980 quae
992 929 1150 980 scripsi
1178 934 1222 968 te
1250 936 1448 981 auctore,
1478 934 1540 970 ita

98 996 287 1036 propero
325 982 516 1031 mittere,
561 987 612 1021 ut
650 983 737 1020 iam
774 982 954 1022 Romam
1003 984 1199 1022 miserim
1241 982 1538 1025 describenda.

97 1039 156 1077 Ea
184 1040 218 1077 si
248 1038 384 1086 voles,
423 1038 572 1075 statim
606 1035 798 1076 habebis.
856 1036 1024 1090 Scripsi
1067 1039 1183 1077 enim
1223 1038 1278 1078 ad
1314 1040 1539 1091 librarios,

94 1140 147 1179 11,
179 1141 234 1173 67.
273 1157 315 1162 —-
351 1138 392 1170 de
417 1148 571 1177 rumore,
606 1136 660 1169 als
685 1148 749 1169 um
775 1136 838 1169 das
863 1135 1122 1184 Stadtgerede,
1150 1137 1230 1171 dass
1256 1138 1320 1172 ich
1347 1138 1409 1172 die
1435 1139 1542 1174 stadt

94 1186 172 1220 und
209 1185 270 1218 das
301 1184 443 1218 Forum
479 1184 614 1217 miede.
665 1184 748 1230 Vgl.
775 1184 899 1231 vorig.
925 1184 983 1220 ΒΓ.
1023 1186 1048 1227 §.
1075 1187 1109 1219 ll.
1148 1187 1308 1219 Rumone
1342 1187 1426 1220 Asc.
1463 1199 1536 1220 seo.

93 1235 194 1268 Crat.
228 1233 353 1266 Etiam
377 1231 462 1266 Asc.
487 1243 545 1277 pr.
579 1232 636 1265 lit.
670 1233 756 1266 mai.
793 1235 958 1271 Rumore,
994 1233 1100 1276 quasi
1139 1238 1234 1267 esset
1272 1244 1414 1267 nomen
1451 1246 1538 1279 pro-

92 1282 232 1326 prium.
262 1282 337 1315 OR.
361 1299 408 1304 —
442 1281 482 1313 de
508 1280 678 1321 Pollione,
714 1280 759 1313 de
786 1280 826 1316 C,
853 1280 982 1313 Asinio
1011 1280 1200 1321 Pollione,
1234 1281 1300 1324 qui
1332 1286 1413 1315 erat
1450 1294 1535 1315 cum

93 1329 248 1363 Caesare
275 1328 317 1361 in
353 1327 545 1372 Hispania,
579 1327 656 1360 sive
683 1326 727 1360 de
754 1338 810 1369 eo,
837 1327 936 1370 quod
964 1328 1087 1360 Pollio
1113 1329 1158 1360 ad
1184 1328 1410 1363 Ciceronem
1445 1330 1537 1363 scri-

94 1382 228 1422 pserat,
255 1376 299 1410 de
326 1375 365 1417 Q.
386 1375 468 1408 filio
496 1378 572 1419 (ep.
590 1376 687 1414 563),
713 1375 791 1409 sive
812 1375 976 1408 Pollioni
999 1375 1146 1418 aliquid
1169 1376 1350 1410 accidisse
1376 1378 1535 1412 adversi.

94 1424 303 1459 GRONOV.
338 1424 462 1457 Ueber
487 1423 576 1455 dies.
602 1422 723 1455 Pollio
749 1435 776 1455 s.
804 1435 851 1455 zu
879 1434 935 1466 ep.
961 1425 1031 1466 799
1057 1423 1108 1455 im
1139 1423 1222 1456 Anf.
1260 1440 1305 1448 —
1340 1426 1395 1457 De
1421 1426 1538 1459 Pansa

91 1477 201 1506 etiam
227 1472 307 1505 scil.
335 1470 528 1517 significq
552 1481 658 1517 rogo.
697 1470 753 1503 Er
776 1481 857 1503 war
883 1470 1023 1504 Consul
1050 1470 1120 1502 mit
1146 1471 1294 1505 Hirtius
1321 1475 1399 1507 711.
1427 1473 1461 1506 S.
1477 1485 1535 1518 ep.

91 1520 137 1555 ad
160 1519 295 1554 Famil.
323 1519 424 1558 VIII,
452 1521 484 1553 8.
521 1518 602 1560 XV,
631 1520 686 1552 17.
727 1517 990 1563 Philipp-111,
1017 1520 1071 1552 15.
1107 1519 1153 1557 V,
1184 1522 1238 1553 19.
1266 1520 1327 1558 XI,
1354 1523 1384 1555 9.
1430 1521 1533 1553 Brut.

88 1573 122 1604 3.
158 1568 229 1601 Die
257 1566 451 1600 Geriichte
477 1565 557 1598 und
582 1565 818 1606 Anekdoten‚
855 1564 1005 1599 welche
1030 1566 1183 1599 Attikus
1209 1566 1302 1600 iiber
1330 1568 1431 1602 diese
1457 1568 1533 1600 An-

88 1618 234 1664 hanger
274 1614 338 1647 des
364 1613 493 1647 C‘zisars
529 1624 576 1645 an
604 1613 737 1646 Cicero
777 1613 930 1647 mochte
969 1613 1219 1660 geschrieben
1254 1614 1389 1657 haben,
1437 1616 1532 1656 sind,

87 1665 160 1699 wie
187 1663 246 1696 die
274 1661 355 1695 drei
380 1659 700 1694 letzterw’a'hnten
726 1661 930 1700 Personen,
967 1673 1036 1693 uns
1073 1662 1200 1707 viillig·
1230 1663 1460 1698 unbekannt.
1487 1683 1533 1688 -

87 1717 178 1746 certe
202 1724 258 1751 ne,
284 1709 328 1743 ob
354 1709 481 1742 Etwas
506 1708 655 1742 wahres
682 1719 730 1741 an
757 1708 842 1742 dem
869 1708 1020 1742 Gerede
1045 1720 1131 1741 vom
1147 1709 1321 1744 Metellus
1348 1711 1424 1744 und
1449 1712 1533 1745 Bal-

83 1760 194 1795 binus
219 1759 277 1791 ist.
642 1769 661 1785 e

178 1809 211 1840 ll.
244 1807 315 1839 Dic
327 1805 428 1838 mihi.
456 1803 645 1848 Corrupta
658 1803 764 1844 haee,
788 1803 843 1836 sic
862 1804 941 1837 fere
959 1804 1212 1837 restituenda:
1241 1805 1281 1837 de
1299 1806 1476 1849 Crito-nin,
1502 1812 1534 1841 si

86 1856 194 1902 quid5
219 1854 279 1887 sed
291 1858 382 1886 certe
403 1853 442 1885 de
462 1853 615 1885 Metello.
657 1852 734 1885 Iam
759 1851 929 1884 Gronov.
955 1851 1052 1883 vidit
1075 1866 1116 1885 tae
1139 1851 1345 1885 delendum
1369 1866 1454 1888 esse,
1492 1857 1532 1888 de

85 1904 263 1942 Critonio,
285 1904 317 1935 si
342 1901 430 1944 quid
452 1905 537 1933 esset
563 1902 671 1939 cmi,-
699 1901 740 1932 de
757 1900 897 1933 Metello
917 1904 949 1931 et
967 1901 1132 1933 Balbino.
1162 1900 1231 1932 Sed
1243 1901 1302 1933 dic
1315 1902 1416 1934 mihi.
1443 1902 1529 1936 sch.

82 1951 181 1984 coni.
210 1951 304 1984 Liin.
342 1950 414 1982 ΟΒ.
445 1965 483 1972 -
506 1950 679 1991 primum.
719 1948 865 1991 Nempe
886 1949 1048 1991 primum
1072 1951 1165 1988 erat,
1191 1947 1292 1991 quod
1311 1949 1445 1982 Cicero
1472 1962 1530 1984 re-

82 1997 354 2044 prehendebat,
388 1994 559 2028 Atticum
594 1995 713 2027 libros
750 1995 796 2028 de
829 1995 983 2027 Finibus
1022 1995 1167 2027 iniussu
1205 2007 1269 2028 suo
1307 1996 1526 2041 ‹livulgarffi
1571 2032 1574 2033 ⁷

83 2048 261 2085 alterum,
288 2043 389 2088 quod
414 2048 561 2077 rectum
589 2043 825 2076 existimaret
859 2054 918 2076 eos
948 2043 1123 2085 cuiquam
1154 2048 1240 2076 ante
1275 2054 1384 2086 quam
1410 2036 1526 2078 Bruto

82 2095 181 2128 dare.
213 2094 314 2127 SCH.
332 2111 372 2117 -
400 2092 642 2125 Hermodorus
666 2089 831 2124 Platonis
858 2091 1009 2123 auditor
1035 2090 1073 2122 in
1100 2090 1232 2123 Sicilia
1259 2091 1377 2125 libros
1404 2093 1527 2127 Plato-

82 2143 140 2176 nis
166 2154 186 2174 a
211 2153 248 2175 se
274 2139 481 2184 descriptos
509 2139 673 2173 vendere
699 2137 854 2171 solebat.
881 2139 980 2172 SCH.
1021 2137 1056 2171 S.
1082 2138 1278 2172 Wbrterh.
1306 2139 1369 2173 des
1395 2140 1525 2173 Suidas

81 2205 108 2224 s.
135 2190 172 2224 h.
199 2201 232 2222 v,
260 2205 304 2213 -
331 2200 370 2222 ecc
394 2200 462 2232 quo
489 2187 531 2220 in
555 2186 761 2231 proverbio
789 2192 889 2219 erat:
919 2184 1076 2231 λόγοισιν
1099 2185 1317 2232 Ἑρμόδωρος
1342 2188 1523 2233 {canope-{ve-

80 2252 149 2277 ται,
175 2237 279 2270 cuius
305 2235 479 2270 meminit
502 2235 645 2270 Suidas.
671 2234 774 2268 SCH.
792 2252 838 2258 —
864 2237 1044 2279 cuiquam,
1071 2233 1206 2267 iedoch
1223 2234 1294 2267 mit
1308 2235 1524 2269 Ausnahme

79 2287 142 2319 des
168 2284 342 2318 Attikus!
381 2303 428 2308 —
469 2284 739 2330 προςφωνῶ,
778 2282 840 2314 cui
873 2282 962 2316 illos
996 2282 1113 2315 libros
1140 2282 1330 2327 inscripsi,
1369 2295 1453 2317 eum
1482 2285 1523 2316 in

75 2333 306 2379 praefatione
331 2332 530 2366 allocutus
557 2332 656 2365 SCH.
683 2329 911 2376 ‚‚zueigne.“
936 2348 982 2354 —-
1009 2332 1251 2363 commode:
1270 2331 1378 2371 bene,
1404 2331 1522 2364 wohl.

77 2400 123 2406 -—
149 2379 437 2424 ἀδιόρθωτα,
471 2379 588 2413 libros
613 2379 859 2413 incorrectos.
885 2396 930 2401 —-
956 2378 1087 2419 ἕωλα,
1114 2378 1300 2412 obsoletos
1328 2379 1351 2411 i.
1380 2390 1408 2411 e.
1437 2385 1521 2412 anie

76 2442 96 2463 a
121 2428 292 2473 pluribus
318 2428 448 2465 lectos,
475 2438 587 2470 quam
613 2426 657 2459 ad
683 2426 804 2469 ipsum
821 2426 1081 2469 pervenerint.
1098 2427 1260 2459 SCH.—
1281 2430 1382 2469 περὶ
1407 2440 1473 2471 μικ
1486 2441 1518 2473 ρ.

78 2476 246 2515 (Μηνᾶ,
279 2476 320 2508 in
343 2476 473 2519 parvis
496 2476 607 2508 rebus
632 2474 732 2508 serio
758 2473 940 2510 laborare,
976 2474 1029 2506 als
1064 2474 1108 2506 ob
1144 2472 1206 2506 ich
1239 2486 1285 2506 zu
1313 2474 1403 2508 Viel
1431 2476 1521 2506 Auf-

76 2524 215 2558 hebens
241 2535 314 2556 von
340 2522 630 2570 Kleinigkeiten
659 2521 802 2554 inacho.
831 2540 876 2544 —
902 2526 1075 2562 maxima,
1102 2522 1227 2567 Dioge
1254 2532 1326 2554 von
1352 2523 1521 2568 gr'ossten

77 2569 358 2617 W'ichtigke‘it3
385 2571 458 2605 wie
485 2573 581 2604 oben
599 2570 713 2610 Vides,
740 2574 873 2613 quanto
899 2571 965 2602 hoc
991 2575 1061 2603 cet.
1082 2588 1123 2593 --
1152 2571 1266 2607 aliud,
1291 2569 1390 2611 quod
1420 2569 1517 2601 mihi

74 2619 209 2653 maiori
234 2620 284 2652 sit
310 2630 435 2652 curae.
462 2637 507 2643 ·-
535 2631 623 2664 quac
649 2619 840 2661 scripsi:
863 2617 1050 2662 inscripsi,
1076 2622 1255 2660 qualtuor
1280 2617 1398 2648 libros
1426 2617 1518 2649 Aca-

74 2667 249 2701 demicos,
275 2668 436 2701 miserim
463 2667 703 2705 describenda,
728 2677 815 2698 zum
843 2664 1111 2699 Absehreiben.
1149 2664 1183 2696 S.
1205 2664 1352 2697 llmnsh.
1380 2665 1406 2707 ᾗ.
1438 2667 1520 2701 171,
