1795 3081
420 63 734 114 EPISTOLA
771 61 989 110 DCXIII.
1025 61 1245 110 DCXIV.
1446 61 1541 108 377

105 191 230 244 Quod
261 197 404 230 autem
434 187 486 227 de
515 187 591 226 illa
620 189 768 223 nostra
797 183 1063 237 cogitatione
1092 182 1249 221 scribis
1285 176 1343 209 —⁷
1377 182 1421 218 in
1459 177 1585 232 qua7

105 249 217 286 nihil
247 248 328 285 tibi
359 244 464 283 cedo
498 266 544 272 -
577 254 641 290 ea,
672 249 781 290 quae
810 238 933 286 novi,
962 236 1091 276 valde
1121 237 1276 289 probo,
1306 237 1542 284 hominem,

108 303 298 350 domum,
328 300 569 338 facultates.
636 291 762 345 Quod
802 297 933 344 eaput
976 298 1060 330 est:
1099 314 1152 319 —
1182 293 1323 344 ipsum
1353 303 1438 329 non
1468 302 1544 328 no—

107 360 151 396 vi
181 379 233 384 —
271 355 345 394 sed
383 352 512 392 audio
551 348 790 388 laudabilia
827 346 880 384 de
918 344 1085 385 Scrofa.
1164 347 1304 385 Etiam
1346 346 1546 398 proxime

109 411 293 460 accedit,
323 411 358 447 si
390 406 491 459 quid
522 405 604 443 hoc
633 401 687 442 ad
717 414 834 440 rem:
866 396 1162 456 εὖγενέσῖερος
1179 407 1242 439 est
1263 403 1394 440 etiam
1419 412 1550 452 quam

108 474 244 519 pater.
299 464 457 503 Coram
488 461 636 514 igitur,
667 462 711 496 et
740 454 911 508 quidem
943 468 1158 507 propenso
1188 457 1332 494 animo
1363 454 1418 494 ad
1447 467 1548 508 pro-

108 512 310 560 bandum.
368 515 547 556 Accedit
576 514 705 561 enim,
743 510 859 563 quod
886 517 1070 563 patrem,
1112 517 1162 550 ut
1195 512 1310 550 scire
1346 517 1388 549 te
1426 515 1549 563 puto,

109 577 204 628 plus
236 576 365 613 etiam
395 584 519 623 quam
552 581 637 606 non
665 566 794 604 modo
825 572 889 616 tu,
918 564 990 604 sed
1021 579 1149 618 quam
1178 567 1270 619 ipse
1299 567 1397 616 scit,
1438 577 1551 613 amo,

111 631 238 683 idque
269 636 311 668 et
340 622 498 665 merito
529 631 571 663 et
599 624 686 661 iam
716 620 805 660 diu.

281 786 596 837 EPISTOLA
627 784 844 834 DCXIV.
881 782 960 841 (ad
989 783 1089 830 ΑΗ.
1112 783 1242 830 XIII.
1270 784 1372 843 22.)

114 878 191 912 scr.
234 878 276 910 in
302 877 477 922 Arpinati
502 888 532 909 a.
561 875 595 908 d.
624 874 686 908 iv,
713 875 810 907 Non.
837 872 972 907 sextil.
1007 871 1048 905 A.
1077 872 1123 906 U.
1152 871 1191 905 0.
1218 873 1299 907 709.
1336 873 1382 912 (a.
1413 870 1454 908 0,
1480 870 1556 911 45.)

116 950 170 983 De
206 949 313 982 libris
349 949 394 982 ad
427 948 638 980 Varronem
673 944 868 978 mittendis
913 955 956 977 ae
1001 943 1046 977 de
1087 942 1144 984 iis,
1186 954 1282 987 quae
1320 942 1365 976 de
1399 942 1557 975 Finibus

118 997 333 1042 scripserat,
359 995 524 1030 nondum
552 992 802 1038 divulgandis.
841 995 943 1026 1—3.
977 991 1020 1024 de
1046 991 1210 1038 negotiis
1235 991 1483 1035 pecuniariis.
1521 993 1553 1024 4.

342 1044 386 1077 de
413 1043 560 1076 Atticae
586 1040 804 1074 valetudine
831 1045 867 1073 et
893 1039 1059 1072 Caesaris
1085 1039 1253 1083 epistola.
1291 1040 1323 1076 5.

602 1111 778 1145 CICERO
818 1110 996 1144 ATTICO
1034 1110 1070 1144 S.

224 1186 289 1225 De
319 1185 539 1235 Varrone,
568 1197 655 1223 non
684 1184 777 1221 sine
807 1195 947 1229 causa,
987 1180 1091 1233 qnid
1128 1182 1212 1221 tibi
1247 1181 1434 1234 placeat,
1472 1187 1572 1220 tam.

119 1242 356 1297 diligenter
396 1241 592 1292 exquiro.
667 1237 919 1277 Occurrunt
955 1237 1064 1275 mihi
1100 1236 1324 1290 quaedam.
1390 1235 1475 1275 Sed
1514 1250 1564 1275 ea

119 1311 281 1337 coram.
340 1295 405 1334 Te
425 1302 568 1333 autem
594 1289 889 1345 ἀσμενέστατα
917 1294 1101 1342 intexui,
1131 1294 1373 1343 faciamque
1403 1291 1449 1330 id
1471 1304 1563 1331 cre-

216 1414 249 1446 7.
302 1411 533 1453 cogitatione,
560 1407 604 1440 de
624 1406 747 1439 Attica
766 1417 881 1450 proco
903 1406 1021 1439 alicui
1048 1405 1280 1445 collocanda,
1308 1416 1401 1448 quae
1429 1404 1566 1438 deinde

122 1460 169 1492 M.
202 1458 381 1502 Vipsanio
420 1455 611 1502 Agrippae
654 1454 794 1498 nupsit.
844 1454 935 1487 Vid.
971 1454 1123 1487 Cornel.
1157 1454 1293 1496 Nepot.
1333 1453 1432 1486 SCH.
1482 1454 1567 1485 Man

125 1507 258 1543 meint‚
285 1517 333 1538 an
359 1503 514 1537 Thalna.
549 1502 584 1535 S.
613 1513 670 1546 ep.
699 1504 766 1536 589
792 1502 843 1534 im
869 1502 955 1536 Anf.
983 1521 1022 1527 —
1051 1503 1132 1535 cedo
1165 1500 1198 1533 d.
1226 1501 1247 1532 i.
1277 1499 1345 1532 der
1372 1500 1448 1532 mir
1473 1501 1567 1534 eben

125 1566 164 1588 so
190 1553 279 1587 sehr
303 1554 356 1585 als
383 1551 453 1583 Dir
484 1562 543 1583 am
569 1550 721 1582 Herzen
754 1549 861 1597 liegt,
900 1569 947 1575 —
984 1550 1172 1583 hominem.
1205 1547 1277 1582 Sed
1303 1549 1333 1580 si
1359 1548 1569 1592 scripsisset

126 1603 302 1636 hominem
343 1602 438 1640 novi,
485 1597 671 1641 quomodo
708 1598 835 1630 statim
882 1597 1048 1631 scribere
1087 1596 1272 1641 potuisset
1326 1599 1446 1638 ipsam
1495 1609 1566 1629 non

126 1653 220 1684 novi.
271 1649 376 1693 Ergo
412 1659 538 1679 nomen
570 1645 723 1689 reposui
760 1644 783 1676 i.
818 1656 847 1678 e.
885 1651 1038 1692 gentem
1076 1643 1291 1686 (Abkunst).
1331 1644 1394 1677 Sic
1432 1644 1569 1678 Catull,

128 1701 174 1734 60
200 1702 298 1732 vetus
321 1707 447 1728 nomen
475 1693 571 1727 dixit
596 1703 666 1736 pro
694 1697 807 1739 gente
833 1693 956 1726 veteri
982 1698 1018 1726 et
1044 1691 1199 1725 illustri.
1232 1691 1331 1726 SCH.
1365 1691 1572 1724 Vielleicht

129 1744 283 1779 bezieht
308 1743 391 1775 sich
417 1741 554 1775 iedoch
579 1741 755 1774 hominem
783 1742 850 1773 auf
871 1742 1089 1781 laudabilia,
1116 1750 1210 1783 quae
1237 1739 1282 1773 de
1308 1738 1389 1783 ipso
1416 1750 1434 1772 0
1460 1738 1574 1772 Scro-

129 1796 187 1827 fae
213 1803 279 1825 ore
305 1794 515 1834 acceperat,
542 1792 713 1821 noverat.
751 1787 860 1821 Auch
886 1789 987 1821 wird
1012 1789 1116 1822 seine
1141 1787 1295 1832 «εὗ-γένεια
1320 1787 1493 1820 nac'nher
1519 1787 1573 1820 als

134 1841 220 1876 eine
255 1838 405 1885 Zugal)e
442 1836 565 1869 durch
598 1837 727 1868 Etiam
762 1836 999 1882 angekniipft
1034 1835 1111 1868 und
1144 1837 1287 1868 domum
1322 1833 1470 1868 scheint
1503 1835 1578 1867 mit

131 1899 259 1923 nomen
287 1886 327 1918 in
352 1885 437 1917 dem
465 1883 581 1916 Sinne
609 1883 694 1916 eine
720 1883 955 1930 Tautologie.
991 1885 1115 1918 Unser
1141 1883 1273 1916 Cicero
1300 1887 1394 1929 sagt,
1421 1894 1462 1916 er
1479 1883 1576 1916 ken-

134 1948 182 1969 ne
210 1935 282 1968 ‹len
309 1934 432 1971 Manu,
458 1931 545 1964 aber
569 1930 678 1963 nicht
702 1941 777 1963 von
802 1932 952 1971 Person,
979 1935 1107 1975 ipsum.
1129 1949 1171 1956 —
1199 1932 1354 1971 domam,
1381 1930 1482 1964 seine
1506 1931 1576 1963 Fa-

132 1983 255 2023 milie,
282 1979 619 2014 Verwandtsehaft.
646 1997 692 2002 -—
719 1984 840 2023 caput,
872 1980 1132 2023 Hauptpunct‚
1170 1977 1420 2021 Hauptsache.
1453 1997 1498 2003 —-
1536 1980 1577 2011 cle

133 2042 183 2063 Ξ
216 2043 235 2063 a
268 2029 335 2062 Cn.
372 2027 582 2061 Tremellio
618 2026 760 2070 Scrofa,
793 2037 870 2060 von
908 2027 1037 2060 dessen
1071 2026 1283 2060 Charakter
1316 2025 1396 2058 und
1419 2026 1577 2060 Wirth-

137 2075 428 2113 schaftlichkeit
457 2075 577 2110 Varro
605 2074 649 2107 de
678 2074 718 2107 R.
746 2074 788 2107 R.
816 2075 853 2107 II
877 2077 912 2116 ll,
940 2086 978 2108 so
998 2075 1074 2108 viel
1094 2071 1340 2107 Riihmliches
1363 2079 1456 2120 sagt.
1486 2074 1576 2121 Vgl.

138 2138 195 2171 ep.
222 2127 303 2164 187,
330 2126 363 2157 2.
400 2142 446 2148 ——
477 2123 604 2156 Etiam
631 2122 703 2156 del.
730 2122 818 2155 sch.
846 2122 945 2158 coni,
984 2123 1089 2156 Idem
1119 2122 1172 2155 sic
1211 2131 1360 2165 quoque
1395 2122 1579 2169 distingui

136 2185 246 2220 posse
271 2171 451 2205 rebatur:
490 2170 530 2203 de
556 2169 685 2213 Scrofa
717 2173 827 2203 etiam
851 2172 1015 2216 proxime
1049 2170 1090 2214 (i.
1118 2181 1148 2203 e.
1173 2180 1296 2213 nuper
1321 2180 1471 2213 quoque
1498 2171 1579 2202 lau-

140 2220 282 2255 dabilia
308 2218 477 2260 audivi.).
503 2219 661 2252 Accedit.
688 2217 767 2251 Vix
791 2223 916 2251 tamen
940 2218 1115 2259 adducor,
1147 2222 1190 2250 ut
1211 2219 1377 2263 proxime
1402 2218 1582 2252 divellam

138 2281 160 2302 a
193 2280 228 2301 v.
261 2266 418 2300 accedit:
462 2277 551 2299 nam
586 2266 709 2298 minus
744 2266 931 2299 concinne
963 2266 1038 2299 hoc
1073 2276 1144 2310 per
1180 2277 1217 2299 se
1252 2272 1512 2309 opponeretur
1546 2279 1583 2300 v.

143 2317 248 2362 Quod
271 2319 384 2359 caput
409 2318 471 2347 est.
507 2332 553 2339 -
591 2317 626 2346 si
650 2314 738 2359 quid
758 2313 824 2346 hoc
848 2316 898 2347 ad
920 2326 1007 2353 rem,
1041 2325 1155 2347 wenn
1180 2314 1252 2346 Das
1285 2313 1420 2346 andex-s
1454 2314 1493 2346 in
1518 2314 1586 2347 Be-

141 2364 269 2398 traeht
293 2363 452 2395 kommt.
479 2380 526 2386 —
551 2360 705 2407 813781‘„
732 2361 910 2403 nobilior,
938 2362 1018 2394 scil.
1046 2373 1065 2393 a
1091 2361 1223 2393 matris
1248 2361 1437 2405 prosapia.
1454 2381 1500 2386 --
1521 2363 1587 2395 Θο-

143 2424 223 2446 ram
248 2412 378 2455 igitur,
405 2409 606 2442 miindlich
632 2410 709 2442 also
737 2409 799 2441 das
821 2410 1011 2443 Weitere.
1032 2428 1077 2434 —
1103 2409 1152 2442 ad
1174 2410 1362 2452 proband„
1389 2409 1450 2442 die
1470 2409 1587 2443 sache

143 2464 213 2507 gut
237 2470 284 2491 zu
309 2457 468 2490 heissen.
487 2476 532 2482 —
557 2463 698 2500 patrem
723 2455 895 2498 Scrofae3
922 2456 998 2490 imo
1024 2457 1194 2498 hominis
1219 2466 1298 2489 non
1322 2456 1518 2491 nominati.
1545 2476 1586 2482 —

143 2519 214 2541 non
239 2506 343 2539 modo
368 2515 415 2536 .·::.
440 2517 488 2539 no
513 2504 648 2538 dicam.

242 2557 272 2587 1.
319 2554 465 2597 placeat
491 2552 535 2586 de
562 2553 669 2586 libris
686 2552 997 2586 Academicarum
1025 2553 1286 2596 quaestionum
1313 2550 1360 2583 ad
1380 2550 1588 2585 Varronem

147 2600 355 2635 mittendis.
383 2601 484 2633 SCH.
510 2619 556 2625 ·—
582 2612 732 2639 occurr.‚
770 2600 833 2632 ich
861 2599 964 2634 finde
990 2601 1118 2635 Dieses
1144 2599 1221 2633 und
1248 2599 1356 2632 lenes
1382 2611 1429 2631 zu
1454 2599 1590 2633 beden-

148 2650 236 2683 ken.
274 2648 359 2696 Vgl.
387 2659 444 2693 ep.
470 2648 586 2682 DCXI
612 2661 670 2681 am
697 2648 814 2682 Ende.
842 2648 975 2683 DCVI.
999 2668 1040 2673 —
1067 2649 1228 2690 doner„
1254 2646 1517 2680 libentissime.
1545 2665 1592 2671 -—

150 2698 302 2739 intexui,
337 2696 409 2731 wie
445 2707 500 2740 ep.
536 2696 665 2736 DCIV,
696 2700 728 2732 3.
762 2701 803 2729 tu
833 2708 869 2730 cs
901 2697 1034 2730 tertius
1069 2697 1109 2730 in
1142 2705 1316 2730 sermone
1351 2699 1491 2728 nostro.
1534 2706 1590 2739 ep,
