1795 3081
231 91 330 138 286
497 88 563 135 Μ.
600 87 652 135 Τ.
692 87 1036 137 CICERONIS
1071 87 1452 138 EPISTOLAE.

190 199 306 249 3bet
351 215 482 262 atque
518 210 667 248 omnia
704 210 891 248 minoris
936 209 1219 248 existimare?
1266 208 1333 248 An
1375 210 1497 248 illius
1541 210 1700 258 vicem,

233 264 383 315 credo,
423 264 577 304 doles?
623 264 807 316 Quoties
845 266 891 303 in
934 277 1029 303 eam
1067 265 1383 320 cogitationem
1423 277 1597 304 necesse
1636 270 1703 305 est

233 327 277 360 et
297 327 346 360 tu
368 321 544 360 veneris
570 326 613 360 et
636 335 710 360 nos
737 334 864 373 saepe
893 319 1129 358 incidimus
1159 320 1280 359 hisce
1311 321 1582 373 temporibus
1612 333 1701 358 non

233 378 419 432 pessime
450 389 549 414 cum
579 377 634 414 iis
665 389 755 416 esse
785 382 946 425 actum,
997 376 1154 427 quibus
1195 377 1287 414 sine
1327 375 1483 415 dolore
1524 376 1699 414 licitum

233 440 300 473 est
328 438 518 471 mortem
549 444 646 469 cum
676 432 770 470 vita
801 433 1099 470 commutare?
1131 429 1245 481 Quid
1276 437 1420 470 autem
1450 432 1549 477 fuit,
1583 429 1701 482 quod

232 490 361 528 illam
398 487 482 525 hoc
522 493 722 539 tempore
762 485 817 525 ad
851 485 1090 526 vivendum
1131 499 1289 541 magno
1331 499 1464 538 opere
1504 487 1699 525 invitare

232 545 413 598 posset?
454 555 565 595 quae
595 545 695 580 res?
737 555 846 594 quae
877 545 1004 594 spes?
1043 540 1160 594 quod
1191 542 1327 579 animi
1357 542 1597 580 solatium?
1640 540 1700 580 Ut

234 613 335 639 cum
365 599 515 651 aliquo
547 596 824 636 adolescente
853 598 1070 650 primario
1101 598 1338 635 coniuncta
1367 603 1554 636 aetatem
1574 609 1700 652 gere-

234 658 337 694 ret?
384 654 581 692 Licitum
623 658 687 691 est
721 653 820 701 tibi,
866 652 1015 702 credo,
1059 665 1141 705 pro
1179 658 1255 690 tua
1293 651 1507 707 dignitate
1538 665 1590 690 ex
1619 651 1701 691 hac

233 712 464 750 iuventute
504 721 715 763 generum
751 707 956 762 diligere,
1003 709 1126 746 cuius
1168 706 1271 746 fidei
1314 708 1480 747 liberos
1518 714 1618 747 tuos
1656 713 1701 746 te

235 773 331 805 tuto
364 767 639 804 committere
669 761 869 816 putares!
918 763 983 801 An
1013 769 1063 802 ut
1093 776 1143 802 ea
1174 763 1338 801 liberos
1370 776 1421 801 ex
1451 776 1542 802 sese
1572 775 1700 815 pare-

234 828 318 870 ret,
351 833 459 872 quos
490 833 622 871 quum
652 821 858 857 florentes
887 818 1076 867 videret,
1119 819 1396 856 laetaretur?
1438 820 1512 870 qui
1551 831 1645 856 rem
1675 830 1700 856 a

231 882 416 931 parente
446 874 655 914 traditam
687 887 767 926 per
796 886 841 911 se
870 879 1021 911 tenere
1051 876 1254 925 possent?
1300 873 1490 912 honores
1521 872 1700 912 ordina-

230 934 314 972 tim
345 932 531 984 petituri
562 936 704 969 essent
742 930 787 966 in
818 941 865 966 re
896 929 1090 981 publica,
1135 929 1181 965 in
1219 929 1465 966 amicorum
1507 929 1698 984 negotiis

232 989 443 1027 libertate
491 999 568 1023 sua
611 986 706 1023 uzi?
765 982 880 1035 Quid
919 984 1078 1021 horum
1117 984 1215 1034 fuit,
1270 982 1386 1035 quod
1429 996 1515 1021 non
1555 985 1695 1036 prius,

233 1056 367 1096 quam
397 1040 546 1079 datum
578 1046 655 1090 est,
688 1038 938 1091 ademptum
970 1040 1054 1077 sit?
1102 1037 1159 1077 At
1196 1051 1305 1077 vero
1347 1039 1510 1076 malum
1550 1045 1615 1078 est
1644 1039 1699 1076 li-

190 1085 368 1138 4beros
400 1098 615 1135 amittere.
667 1094 860 1133 Malum:
894 1096 977 1132 nisi
1008 1094 1091 1132 hoc
1121 1095 1243 1146 peius
1273 1095 1344 1143 sit,
1375 1093 1481 1131 haec
1511 1096 1699 1133 sufferre

232 1160 281 1194 et
311 1153 496 1206 perpeti.
548 1150 668 1202 Quae
698 1164 767 1189 res
798 1150 907 1187 mihi
937 1163 1025 1187 non
1054 1148 1322 1187 mediocrem
1353 1149 1699 1188 consolationem

230 1210 403 1257 attulit,
434 1207 537 1245 volo
569 1207 653 1244 tibi
688 1218 1048 1254 commemorare,
1087 1206 1124 1242 si
1159 1206 1276 1243 forte
1316 1203 1465 1246 eadem
1505 1218 1575 1243 res
1612 1206 1698 1243 tibi

232 1264 438 1303 dolorem
468 1263 666 1300 minuere
698 1262 847 1314 possit.
905 1261 967 1299 Ex
996 1259 1100 1299 Asia
1138 1258 1327 1310 rediens,
1367 1273 1500 1311 quum
1531 1260 1584 1298 ab
1615 1259 1697 1299 Ae-

329 1405 363 1438 3.
415 1401 488 1433 Αη.
514 1400 644 1433 Lamb.
672 1400 912 1435 At...clol<·s!
951 1398 1090 1432 Rursus
1126 1411 1144 1433 e
1182 1398 1270 1432 Cld.
1311 1397 1442 1445 Regio,
1476 1399 1572 1431 Lall.
1611 1398 1697 1433 Sch.

230 1451 397 1484 Liinem.
430 1450 502 1483 ΟΒ.
528 1468 574 1472 -
601 1452 723 1489 vicem,
750 1452 907 1488 sortem,
934 1446 1147 1480 Schicksal.
1174 1466 1216 1471 —
1257 1452 1291 1480 et
1316 1451 1355 1478 ta
1381 1451 1530 1488 veneris,
1566 1447 1697 1480 Lamb.

230 1505 291 1533 ut.
313 1499 387 1532 del.
416 1502 450 1530 et
475 1497 694 1544 Mart-Lag.
724 1495 812 1529 Sch.
842 1496 938 1531 Liin.
990 1495 1057 1528 Est
1095 1495 1180 1529 leve
1214 1493 1479 1537 ἀνακόλουθον,
1508 1500 1556 1536 et,
1596 1494 1699 1538 quod

231 1548 353 1581 nimis
381 1556 490 1589 saepe
518 1545 627 1579 obliti
653 1549 741 1577 sunt
768 1543 919 1581 critici,
947 1543 987 1575 in
1014 1543 1189 1587 Sulpicio
1216 1555 1425 1585 versamur,
1455 1542 1588 1576 nonin
1607 1542 1699 1576 Tul-

228 1596 302 1629 lzio.
332 1594 521 1628 ORELLI.
547 1612 594 1617 —
629 1598 662 1626 et
686 1603 763 1632 nos,
801 1592 897 1624 Vict.
925 1592 958 1625 2.
997 1596 1036 1624 ut
1061 1604 1134 1625 nos.
1169 1591 1297 1624 Lalnb.
1325 1597 1364 1623 ut
1381 1597 1423 1632 *et
1446 1603 1520 1624 nos.
1547 1609 1592 1615 ·—
1620 1602 1700 1623 cum

226 1647 284 1678 i1's
312 1645 407 1681 (cum
434 1643 489 1675 his
515 1641 585 1674 Md.
614 1641 715 1675 Vict.
744 1643 775 1674 1.
803 1642 856 1681 2.)
882 1644 1002 1673 actum
1028 1652 1107 1674 esse.
1141 1638 1250 1680 „dass
1278 1650 1314 1672 es
1339 1639 1475 1672 Denen
1502 1637 1613 1670 nicht
1638 1650 1697 1671 am

227 1691 514 1725 Schlimmsten
539 1700 735 1736 ergangen
762 1688 826 1720 sei.
855 1708 896 1712 —
925 1700 1014 1732 quae
1040 1699 1106 1729 res,
1132 1685 1308 1720 welcher
1333 1686 1505 1720 Genuss?
1542 1703 1581 1710 -—
1623 1689 1703 1730 pri-

226 1742 369 1780 mario,
397 1743 514 1771 erstes
541 1737 701 1784 Rzzuges,
728 1735 1084 1783 ausgezeichneten.
1102 1754 1149 1759 —-
1175 1739 1332 1768 aetatem
1357 1739 1558 1780 gereret:
1576 1738 1701 1779 aget-et

228 1787 339 1821 Crat.
368 1785 496 1819 Lamb.
523 1804 569 1809 --
597 1797 682 1830 quos
709 1785 1095 1830 qztmn...laetaretzcr
1120 1787 1163 1816 st.
1193 1793 1357 1826 quorum
1384 1781 1608 1815 florentium
1634 1781 1699 1815 ad-

226 1840 371 1881 spectu
398 1834 616 1870 laetaretur,
644 1845 691 1865 an
719 1832 835 1866 deren
855 1831 993 1865 Bliithe
1020 1832 1075 1864 sie
1100 1831 1201 1864 beim
1221 1830 1386 1863 Anblick
1405 1830 1489 1863 sich
1517 1830 1698 1877 erg'otzte.

224 1896 284 1909 -‘-.·
309 1883 507 1922 traditam,
532 1881 747 1914 hereditate
773 1885 981 1924 acceptam,
1007 1879 1286 1912 hinterlassene
1314 1877 1540 1925 Verm'og'en.
1564 1897 1610 1902 —
1635 1890 1701 1922 per·

225 1944 282 1972 se„
311 1931 395 1964 sine
422 1929 636 1970 tutoribus,
673 1940 789 1972 quum
814 1928 889 1960 iam
917 1927 1183 1961 adolevissent.
1221 1945 1269 1951 —
1305 1928 1518 1964 ordinatim,
1554 1925 1594 1958 in
1633 1926 1700 1959 der

226 1978 364 2013 durch
392 1977 453 2010 das
480 1975 714 2010 Staatsrecht
740 1975 1115 2023 vorgeschriebenen
1142 1974 1273 2015 Reihe,
1300 1975 1442 2022 Folge3
1483 1974 1552 2007 der
1577 1973 1698 2007 Reihe

225 2027 348 2060 nach.
376 2045 423 2050 -—
450 2026 616 2059 libertate
641 2038 708 2059 sua
734 2028 790 2057 uti
815 2024 895 2058 scil.
924 2029 1088 2068 possent,
1123 2022 1205 2055 sich
1233 2022 1342 2056 ihrer
1362 2020 1700 2069 Freibstrgex=l³ch-

225 2074 321 2109 ize-it
355 2074 391 2106 d.
420 2073 444 2106 i.
483 2073 552 2107 der
577 2073 734 2114 Rechte,
770 2073 830 2106 die
867 2072 992 2106 einen]
1018 2070 1304 2116 Republikaner
1337 2070 1534 2110 zustehen,
1571 2069 1702 2103 bedie-

227 2134 317 2157 nfen
352 2122 546 2161 kb'nnten3
583 2126 724 2154 anstatt
767 2121 847 2154 dass
887 2120 979 2153 ietzt
1012 2120 1073 2153 ein
1107 2119 1180 2151 frei
1219 2118 1431 2166 geborener
1455 2118 1596 2152 R‘dmer
1626 2128 1702 2149 nur

224 2182 267 2203 na
289 2170 337 2203 ch
364 2169 450 2203 dem
478 2169 604 2203 Wink
631 2170 734 2203 eines
761 2168 954 2216 Einzigen
989 2168 1106 2201 reden
1133 2166 1225 2199 oder
1257 2165 1490 2214 schweigen‚
1528 2164 1701 2198 handeln

227 2218 333 2252 odtex·
365 2217 551 2264 unth'aeitig
586 2217 740 2251 bleren
779 2229 891 2249 musa
928 2216 992 2249 Sic
1027 2215 1100 2249 Md.
1127 2215 1224 2248 Vict.
1254 2217 1285 2248 1.
1313 2216 1346 2248 2.
1383 2214 1520 2247 Graev.
1559 2212 1695 2246 Bened.

227 2269 296 2301 usi
321 2266 557 2311 Mart-Lag.
593 2271 781 2299 uterentur
808 2265 907 2298 Crat.
936 2264 1065 2297 Lamb.
1093 2262 1189 2296 Ern.
1217 2262 1281 2298 W.
1310 2261 1396 2296 Sch.
1425 2262 1522 2294 Liin.
1553 2262 1625 2294 ΟΒ.
1653 2279 1701 2285 —-

226 2316 366 2348 dutum
395 2318 456 2347 est.
504 2313 569 2347 Sic
604 2313 675 2346 Md.
714 2313 816 2347 Crat.
852 2313 949 2346 Vict.
978 2315 1009 2346 1.
1037 2314 1070 2346 2.
1115 2310 1252 2343 GraeV.
1279 2309 1420 2343 Bened.
1448 2309 1512 2343 W.
1542 2309 1616 2342 del.
1652 2313 1702 2342 est

226 2362 368 2395 hamb.
397 2366 484 2395 esset
510 2362 603 2394 Ern.
631 2361 853 2408 Mart.—Lag.
882 2359 967 2395 8011.
996 2360 1094 2394 Liin.
1124 2360 1197 2392 ΟΒ.
1227 2377 1271 2383 -
1297 2360 1506 2403 ademptum
1530 2361 1580 2391 sit
1617 2357 1698 2389 scil.

228 2410 284 2444 ei.
329 2409 418 2444 Scil.
448 2408 642 2442 hodierna
669 2421 800 2443 rerum
828 2408 1089 2442 conversione.
1115 2426 1161 2431 —
1187 2408 1239 2440 At
1264 2419 1345 2440 vero
1365 2411 1434 2440 cet.
1464 2405 1608 2453 Figura
1634 2416 1700 2436 an-

227 2463 259 2492 te
278 2457 495 2502 occupati0‚
531 2456 577 2490 de
612 2469 683 2501 qua
715 2458 790 2491 vid.
818 2458 956 2490 Brutus
983 2468 1013 2489 c.
1041 2456 1114 2497 XC,
1151 2455 1178 2497 §.
1210 2458 1288 2489 138.
1328 2474 1374 2479 —-
1411 2455 1548 2488 Malum
1575 2457 1628 2486 est
1652 2463 1702 2484 =

227 2506 257 2539 G
276 2507 398 2540 ewiss.
426 2524 473 2529 —
505 2508 581 2538 nisi
611 2506 687 2539 hoc.
729 2505 803 2538 del.
842 2505 906 2538 hoc
938 2506 1030 2538 Ern.
1059 2504 1279 2550 Mart-Lag.
1308 2501 1394 2536 Sch.
1424 2503 1517 2534 Liin.
1548 2503 1620 2534 ΟΒ.
1657 2520 1699 2524 -

226 2554 326 2587 haec
362 2554 442 2587 scil.
479 2564 573 2597 quae
609 2564 710 2586 nunc
745 2554 1003 2597 perpetimur.
1050 2552 1149 2585 Eine
1175 2549 1355 2595 Sprache,
1397 2550 1471 2583 wie
1505 2549 1559 2582 sie
1596 2548 1700 2581 eines

226 2603 390 2634 Nlannes
416 2601 572 2648 wtirdig
608 2602 667 2643 ist,
709 2600 778 2634 der
804 2601 945 2635 Consul
978 2600 1056 2633 und
1082 2600 1173 2641 also,
1206 2599 1280 2633 wie
1307 2598 1456 2641 Cicero,
1494 2597 1562 2631 der
1586 2597 1699 2630 Erste

227 2648 307 2684 der
332 2649 443 2685 Welt
469 2661 647 2697 gewesen
673 2661 767 2682 war.

332 2724 365 2758 ll.
418 2723 556 2756 attulit.
584 2722 805 2770 Mart.-Lag.
834 2721 922 2756 Sch.
950 2721 1045 2755 liiin.
1079 2722 1249 2754 attulerit
1275 2724 1408 2753 contra
1432 2718 1510 2751 Md.
1542 2718 1614 2751 ΟΒ.
1653 2734 1699 2741 -·
