1795 3081
194 107 257 152 30
441 102 505 149 M.
544 102 596 150 Τ.
633 99 975 150 CICERONIS
1012 99 1398 152 EPISTOLAE.

194 237 308 265 csse:
343 221 420 264 sed
449 233 526 276 ego
554 234 639 261 non
669 220 862 261 adducor
891 236 1150 276 quemquam
1178 223 1338 264 bonum
1368 222 1505 263 ullam
1534 225 1650 266 salu-

193 287 279 320 tem
309 284 463 332 putare
492 277 599 317 mihi
619 278 730 317 tanti
753 278 902 328 fuisse,
932 284 982 317 ut
1003 292 1096 318 eam
1122 284 1314 332 peterem
1334 278 1387 317 ab
1409 279 1497 328 illo,
1528 286 1571 319 et
1599 294 1650 321 eo

192 337 361 380 minue,
393 331 510 386 quod
538 330 671 371 huius
701 334 879 372 consilii
909 333 996 371 iam
1026 347 1080 373 ne
1109 336 1279 372 socium
1309 332 1485 386 quidem
1513 334 1651 375 habeo

193 401 467 443 quemquam.
527 387 614 439 Qui
643 388 689 426 in
717 387 823 426 Asia
852 393 978 438 sunt,
1009 402 1157 427 rerum
1189 390 1354 428 exitum
1385 395 1650 441 exspectant.

195 444 374 485 Achaici
404 444 533 482 etiam
562 442 681 482 Fufio
711 456 833 496 spem
861 442 1185 496 deprecationis
1214 445 1414 482 afferunt.
1472 443 1651 484 Horum

195 507 240 539 et
268 500 401 538 timor
429 497 544 537 idem
563 498 646 536 fuit
668 498 828 550 primo,
860 499 935 550 qui
965 512 1098 544 meus,
1125 506 1170 538 et
1191 500 1495 538 constitutum:
1528 512 1651 540 mora

154 552 494 606 3Alexandrina
514 566 686 591 causam
700 553 878 592 illorum
895 556 1101 603 correxit,
1132 567 1270 592 meam
1285 555 1459 593 evertit.
1492 553 1654 605 Quam-

194 610 345 649 obrem
381 607 497 647 idem
537 621 560 646 a
590 615 633 647 te
672 621 789 646 nune
826 613 947 661 peto,
998 607 1114 661 quod
1152 609 1452 661 superioribus
1495 609 1649 655 literis,

193 670 258 713 ut,
287 665 324 702 si
355 662 459 717 quid
482 663 526 701 in
550 662 735 715 perditis
764 662 893 702 rebus
917 662 1171 716 dispiceres,
1202 663 1318 715 quod
1343 664 1449 702 mihi
1471 669 1650 716 putares

192 717 461 768 faciendum,
492 730 562 757 me
591 731 801 757 moneres·
873 717 921 758 Si
961 719 1156 771 recipior
1185 719 1237 758 ab
1267 719 1340 763 iis,
1383 718 1499 772 quod
1528 717 1651 759 vides

192 786 280 814 non
312 774 436 823 fieri3
476 778 637 823 tamen,
679 771 820 824 quoad
857 773 1016 812 bellum
1048 775 1153 819 erit⁷
1185 771 1290 825 quid
1318 786 1440 828 agam
1469 779 1544 812 aut
1572 773 1651 813 ubi

191 831 289 881 sim,
319 843 405 868 non
434 828 632 882 reperio:
664 829 731 866 sin
761 829 912 877 iactor,
942 841 991 867 eo
1022 831 1174 867 minusv
1210 830 1358 880 ltaque
1382 834 1477 867 tuas
1502 829 1651 868 literas

192 889 419 938 cxspccto3
450 896 607 936 easque
636 888 686 922 ut
714 880 768 921 ad
796 896 865 922 me
895 883 987 922 sine
1016 882 1285 923 dubitatione
1313 884 1499 932 scribas,
1531 896 1649 939 rogo.

150 939 322 992 43212011
351 936 515 988 suades,
546 943 595 977 ut
622 936 676 976 ad
699 937 909 989 Quintum
939 938 1126 976 scribam
1158 937 1209 977 de
1240 937 1305 976 his
1336 938 1503 977 literis:
1536 938 1652 977 face-

193 1009 298 1040 rem,
331 995 369 1033 si
398 1007 465 1033 me
495 991 735 1046 quidquam
764 994 873 1031 istae
902 993 1060 1032 literae
1089 992 1367 1032 delectarent.
1429 993 1520 1032 Etsi
1550 994 1652 1046 qui-

192 1049 290 1090 dam
322 1049 503 1102 scripsit
531 1047 586 1087 ad
614 1061 683 1086 me
713 1046 780 1087 his
809 1047 979 1087 verbis:
1011 1048 1142 1103 ὋΙὲἑξο,
1175 1053 1223 1087 ut
1246 1049 1290 1086 in
1310 1048 1375 1086 his
1401 1048 1542 1098 malis,
1573 1047 1651 1087 Pa-

191 1106 301 1156 „tris
331 1118 427 1144 sum
456 1116 542 1142 non
572 1103 762 1143 invitus:
807 1115 941 1142 essem
968 1103 1194 1151 libentius,
1239 1104 1275 1141 si
1305 1103 1443 1142 frater
1471 1108 1571 1142 tuus
1601 1116 1651 1142 ea

191 1159 274 1210 „de
308 1165 351 1199 te
391 1159 669 1212 loqueretur,
712 1171 823 1210 quae
860 1171 938 1212 ego
969 1157 1122 1198 audire
1165 1158 1364 1198 vellem.“
1424 1156 1548 1211 Quod
1588 1159 1652 1196 ais

189 1215 318 1254 illum
349 1212 404 1253 ad
432 1220 475 1254 te
495 1213 690 1253 scribere
711 1226 780 1251 me
805 1213 889 1252 sibi
911 1213 1049 1252 nullas
1070 1213 1217 1252 literas
1243 1214 1484 1262 remittere,
1517 1213 1650 1252 semel

188 1271 242 1310 ab
270 1271 366 1322 ipso
396 1269 567 1322 accepi:
598 1266 652 1306 ad
682 1267 1017 1320 easCephalioni
1045 1267 1159 1318 dedi,
1189 1269 1263 1321 qui
1291 1267 1450 1307 multos
1480 1281 1650 1308 menses

188 1325 519 1378 tempestatibus
558 1328 754 1362 retentus
793 1329 869 1362 est.
930 1323 1142 1374 Quintum
1178 1324 1320 1363 filium
1349 1321 1403 1361 ad
1432 1334 1500 1361 me
1530 1335 1652 1363 acer-

147 1381 367 1433 5bissime
400 1378 625 1431 scripsisse
653 1379 740 1416 iam
769 1384 869 1417 ante.
902 1377 959 1416 ad
988 1383 1030 1417 te
1059 1379 1228 1430 scripsi.
1287 1378 1541 1417 Extremum
1570 1383 1651 1428 est,

188 1433 306 1489 quod
334 1441 380 1475 te
407 1446 542 1481 orem,
576 1433 613 1472 si
642 1437 769 1485 putas
799 1437 968 1473 rectum
999 1446 1092 1473 esse
1121 1439 1166 1473 et
1195 1446 1220 1472 a
1248 1438 1291 1472 te
1320 1433 1484 1486 suscipi
1512 1445 1651 1486 posse,

190 1572 271 1606 mir
295 1569 410 1604 nieht
436 1569 635 1604 einreden.
681 1568 811 1603 Daher
837 1568 910 1603 mit
942 1568 1039 1616 folg.
1076 1580 1198 1605 accus.
1234 1580 1266 1602 c.
1293 1568 1448 1604 infinit.
1482 1587 1530 1594 —-
1563 1565 1652 1612 affe-

189 1624 288 1656 runt.
314 1620 342 1653 1.
357 1619 399 1652 F.
412 1618 584 1653 Gronov.
610 1628 708 1661 susp.
735 1617 923 1662 differunt.
949 1616 1150 1651 Sententia
1178 1617 1284 1650 enim
1305 1616 1401 1650 haec
1433 1621 1508 1653 este
1543 1628 1651 1662 spem

189 1667 375 1702 dederant
400 1665 511 1699 Fufio
540 1665 702 1699 Achaiae
733 1666 928 1710 praefecto
960 1664 1193 1709 deprecandi
1221 1664 1412 1705 Caesaris3
1458 1675 1541 1698 eam
1570 1675 1649 1698 non

191 1719 472 1758 exsequuntur,
499 1713 561 1747 sed
584 1718 785 1746 morantur
810 1720 847 1746 et
869 1723 906 1745 se
926 1712 1127 1746 sustinent.
1154 1711 1253 1746 SCH.
1279 1710 1314 1745 S.
1336 1712 1370 1746 d.
1389 1712 1473 1746 vori
1505 1740 1512 1747 .
1528 1711 1648 1746 Brief.

190 1763 232 1807 §.
257 1765 292 1798 2.
318 1773 417 1807 spem
442 1786 450 1793 .
473 1789 481 1796 .
504 1789 512 1796 .
539 1761 720 1807 afferunt,
746 1761 800 1794 sie
827 1759 990 1794 machen
1017 1760 1102 1793 ihm
1128 1771 1203 1793 nur
1229 1759 1443 1807 Hoffnung‚
1470 1770 1490 1793 o
1522 1771 1568 1794 ne
1594 1759 1650 1794 sie

189 1824 238 1844 zu
265 1809 448 1848 erffillen,
479 1808 556 1841 und
583 1809 718 1842 halten
746 1807 816 1841 ihn
844 1808 921 1841 also
949 1807 1032 1841 hin.
1064 1827 1104 1832 —
1132 1811 1379 1842 constitutum.
1430 1809 1529 1841 Nam
1558 1817 1650 1840 con·

190 1859 399 1892 stituerant
431 1856 580 1890 Caesari
616 1868 654 1890 se
695 1855 962 1896 committere5
1010 1855 1073 1888 sed
1113 1855 1344 1900 interposito
1382 1855 1649 1889 Alexandrino

191 1906 295 1940 bello
322 1912 358 1938 et
374 1904 545 1939 Caesaris
563 1904 674 1938 rebus
698 1904 738 1936 in
762 1903 976 1937 discrimen
1002 1903 1176 1937 adductis
1204 1904 1401 1949 integrum
1429 1903 1502 1936 sibi
1528 1914 1651 1936 reser-

191 1958 346 1993 varunt,
372 1952 467 1985 belli
487 1952 632 1986 exitum
661 1957 935 1996 exspectantes.
963 1951 1096 1994 Itaque
1124 1961 1230 1984 mora
1244 1950 1507 1984 Alexandrina
1535 1950 1650 1985 effec-

191 2009 276 2036 tum
313 2007 387 2040 est,
430 2006 473 2033 ut
507 2011 640 2034 eorum
677 2010 786 2032 causa
821 1998 929 2043 quasi
962 1998 1246 2045 corrigeretur,
1294 2005 1336 2032 ut
1371 2010 1504 2032 eorum
1541 1999 1653 2043 culpa

191 2049 447 2087 minueretur,
475 2048 505 2080 si
538 2047 693 2091 quidem
729 2046 833 2080 nihil
856 2047 1047 2086 fecerunt,
1087 2047 1187 2090 quod
1215 2046 1485 2090 Pompeianos,
1513 2045 1580 2089 qui
1607 2045 1651 2078 in

191 2097 325 2131 Africa
351 2095 498 2129 bellum
525 2101 724 2134 renovant,
752 2095 908 2141 gravius
935 2093 1161 2128 offenderet.
1206 2095 1257 2128 Et
1283 2093 1650 2129 utAlexandrinum

192 2144 340 2178 bellum
374 2142 537 2176 illorum
576 2153 723 2175 causam
753 2142 873 2181 iuvit,
923 2141 976 2175 ita
1013 2153 1137 2175 meam
1171 2141 1354 2187 perdidit.
1416 2142 1537 2183 Nam,
1573 2151 1650 2184 quo

190 2193 320 2225 minus
352 2190 516 2225 secunda
543 2191 714 2229 Caesaris
738 2192 894 2223 fortuna
923 2195 998 2229 est,
1040 2200 1083 2222 eo
1112 2191 1234 2237 magis
1261 2188 1546 2233 reprehendar,
1582 2188 1650 2232 qui

193 2241 235 2273 in
247 2239 400 2273 Italiam
421 2237 558 2272 venire
575 2238 820 2282 properarim
840 2249 945 2270 causa
962 2236 1018 2270 rei
1033 2237 1211 2279 publicae
1226 2237 1435 2282 desperata.
1463 2235 1649 2271 MANUT.

190 2290 404 2323 institutam
428 2286 512 2321 Urs.
539 2296 636 2330 susp.
666 2285 775 2331 prob.
803 2285 899 2319 Ern.
931 2284 1123 2319 ORELLI.

285 2351 319 2383 3.
371 2348 492 2388 abiis,
519 2345 796 2379 aCaesarianis.
823 2345 885 2380 Sic
898 2345 978 2378 Asc.
1001 2347 1031 2380 1.
1049 2346 1150 2380 Crat.
1165 2345 1269 2380 vict.
1284 2347 1315 2379 1.
1331 2344 1461 2378 Lamb.
1488 2343 1544 2378 his
1555 2345 1651 2378 Cett.

190 2415 237 2420 -—
263 2399 382 2429 iactor
407 2400 472 2428 aut
497 2396 643 2428 reiicior
668 2394 766 2429 Crat.
794 2393 924 2426 Lamb.
966 2393 1025 2426 An
1051 2404 1098 2426 ex
1125 2393 1191 2427 Cd.
1217 2393 1425 2427 Tornae5.‘.’
1458 2392 1651 2425 ORELLI.

190 2443 319 2479 Wohl
346 2443 479 2477 Glosse
505 2452 580 2475 von
609 2444 747 2482 iactor,
787 2441 852 2474 ich
878 2441 1007 2477 werde
1032 2442 1275 2479 verworfen,
1303 2441 1357 2474 im
1386 2440 1550 2487 Gegens.
1576 2450 1652 2473 von

190 2494 357 2535 recipior.
384 2509 431 2516 —
458 2502 591 2535 easque.
643 2490 703 2523 An
743 2489 877 2535 caque?
915 2488 998 2524 scil.
1042 2500 1138 2533 quae
1175 2488 1274 2522 mihi
1316 2487 1493 2522 facienda
1530 2494 1650 2533 putes.

194 2539 387 2575 ORELLL

285 2602 319 2634 lt.
369 2599 410 2632 cle
433 2597 489 2633 Izis
514 2599 632 2632 literis
657 2609 677 2631 a
693 2597 853 2632 Caesare
880 2596 1046 2641 scriptis.
1074 2596 1205 2643 „Lego
1231 2596 1319 2628 iis.“
1349 2596 1421 2630 ΟΒ.
1446 2613 1492 2620 ·—-
1517 2594 1650 2629 Patris.

189 2646 227 2682 S.
253 2657 311 2692 ep.
340 2644 568 2687 CCCXCVI‚
596 2649 631 2680 4.
656 2664 702 2670 —
728 2647 773 2680 ab
798 2649 887 2692 ipse.
916 2645 987 2678 Md.
1015 2656 1034 2677 a
1061 2655 1131 2678 sec.
1161 2656 1210 2677 n).
1237 2645 1317 2688 ipso
1342 2645 1419 2677 illo.
1445 2661 1491 2668 ——
1517 2642 1653 2688 Cepha-

187 2694 463 2785 gggcxfffiep'
491 2694 689 2729 CCCCVII
715 2694 802 2729 init.
839 2711 885 2719 --
925 2692 1101 2736 Quintum
1131 2692 1256 2736 filium
1347 2694 1489 2738 scripsi.
1526 2690 1649 2736 Epist.
