1795 3081
207 55 304 101 200
469 50 536 98 M.
571 48 623 96 T.
660 46 1001 97 CICERONIS
1035 44 1415 97 EPISTOLAE.

208 170 564 226 diligentissime.
615 169 739 208 cuius
778 180 877 206 cum
915 171 1041 219 patre
1069 179 1226 220 magna
1255 167 1365 206 mihi
1394 170 1480 208 fuit
1509 171 1661 211 amici-

208 229 270 266 tia
306 228 393 264 iam
432 224 532 263 inde
570 236 595 262 a
636 229 868 276 quaestum
908 234 1004 259 mea
1033 198 1269 261 Siciliensi.
1329 222 1519 264 Omnino
1548 239 1663 265 nunc

207 283 300 334 ipse
328 281 527 319 Bruttius
555 278 720 319 Romae
749 290 920 317 mecum
951 281 1042 315 est·
1085 274 1160 315 sed
1190 282 1335 316 tamen
1365 276 1540 319 domum
1571 282 1664 320 eius

208 342 252 375 et
281 349 374 374 rem
405 334 669 374 familiarem
700 339 743 373 et
771 337 1086 385 procuratores
1115 331 1199 369 tibi
1228 333 1292 371 sic
1314 334 1585 385 commendo,
1615 342 1666 375 ut

206 392 375 428 maiole
416 388 561 428 studio
608 387 913 428 commendare
960 398 1047 423 non
1097 387 1272 438 possim.
1356 386 1661 430 Gratissimum

206 445 316 483 mihi
346 445 517 490 feceris,
550 445 587 482 si
617 445 803 494 curaris,
833 448 884 480 ut
913 441 1135 494 intelligat
1163 441 1360 480 Bruttius
1388 465 1443 471 —
1473 443 1519 482 id
1548 444 1665 497 quod

207 501 248 538 ei
278 501 425 551 recepi
453 521 507 526 -
536 498 647 538 hanc
676 511 816 538 meam
847 495 1269 535 commendationem
1298 498 1384 536 sibi
1413 512 1567 555 magno
1588 499 1664 539 ad-

207 555 403 594 iumento
434 555 579 593 fuisse.

383 715 704 766 EPISTOLA
739 715 903 763 Dvu.
950 712 1032 772 (ad
1067 711 1182 761 [ἣν.
1219 711 1355 763 xm.
1392 717 1492 775 39.)

526 803 607 837 Scr.
636 803 776 837 Romae
803 801 844 835 A.
874 803 918 836 U.
947 803 986 837 C.
1013 804 1092 838 708.
1128 802 1176 841 (a.
1205 801 1243 835 C.
1270 803 1345 847 (16.)

587 873 812 907 Titurnium
838 874 977 907 Rufum
1005 872 1258 907 commendat.

604 944 780 979 CICERO
808 944 971 978 ACILIO
1000 944 1189 978 PROCOS.
1218 943 1254 977 S.

320 1018 428 1058 Cum
478 1016 645 1055 familia
685 1015 896 1055 Titurnia
925 1015 1223 1055 necessitudo
1271 1016 1381 1055 mihi
1429 1018 1667 1059 intercedit

208 1079 358 1112 vetus:
404 1086 455 1111 ex
486 1085 570 1124 qua
599 1071 795 1123 reliquus
826 1078 889 1110 est
921 1071 983 1111 M.
1009 1071 1243 1110 Titurnius
1269 1071 1423 1123 Rufus⁷
1453 1075 1527 1124 qui
1557 1075 1667 1112 mihi

210 1128 329 1165 omni
367 1126 599 1181 diligentia
633 1132 762 1178 atque
803 1127 948 1165 officio
980 1132 1044 1165 est
1072 1125 1269 1167 tuendus.
1336 1128 1409 1167 Est
1444 1128 1584 1182 igitui
1622 1131 1667 1167 in

208 1189 285 1221 tua
313 1188 543 1234 potestate,
574 1187 624 1220 ut
652 1182 729 1220 ille
758 1183 802 1219 in
833 1195 900 1221 me
930 1183 1034 1220 satis
1065 1181 1149 1219 sibi
1177 1181 1387 1233 praesidii
1408 1191 1532 1234 putet
1562 1197 1665 1224 esse.

209 1237 491 1290 Ouaproptffl
520 1250 618 1275 eum
648 1237 731 1275 tibi
762 1235 1018 1276 commendo
1058 1239 1103 1275 in
1133 1237 1347 1275 maiorem
1383 1237 1579 1278 modum:
1625 1246 1669 1279 et

208 1292 284 1330 abs
316 1298 357 1330 te
388 1298 504 1344 peto,
537 1292 715 1340 efficias,
745 1297 795 1329 ut
825 1293 861 1329 is
893 1290 1311 1331 commendationem
1349 1292 1461 1331 hanc
1500 1294 1667 1332 intelli-

208 1353 282 1401 gat
310 1347 394 1385 sibi
423 1359 579 1401 niagno
609 1345 862 1386 adiumento
893 1348 1039 1385 fuisse.
1092 1346 1189 1384 Erit
1223 1346 1267 1383 id
1296 1347 1405 1385 mihi
1434 1348 1668 1388 vehemen-

207 1408 278 1442 ter
308 1407 498 1456 gratum.

371 1539 693 1589 EPISTOLA
730 1541 909 1592 DVIII.
963 1538 1043 1599 (ad
1076 1539 1189 1588 Div.
1226 1539 1355 1590 XIII.
1393 1541 1492 1600 66.)

527 1628 608 1662 Sor.
637 1629 778 1662 Romae
804 1629 848 1663 A.
877 1629 921 1662 U.
951 1629 992 1664 c,
1019 1630 1099 1663 708.
1137 1630 1186 1670 (a.
1214 1629 1252 1662 c,
1279 1630 1357 1670 46.)

210 1700 412 1734 Caecinam
453 1699 496 1732 in
539 1699 772 1747 colligendis
815 1699 1004 1734 Asiaticae
1038 1699 1310 1746 negotiationis
1351 1698 1530 1744 reliquiis
1569 1711 1668 1735 com-

778 1747 938 1780 mendat.
977 1749 1100 1782 1—2.

593 1818 640 1850 M.
682 1817 862 1853 CICERO
903 1819 940 1852 P.
980 1817 1210 1852 SERVILIO
1250 1817 1284 1853 S.

318 1889 368 1931 A.
410 1889 659 1941 Caecinam,
716 1891 905 1930 maxime
948 1891 1181 1944 proprium
1223 1890 1428 1929 clientem
1475 1877 1670 1932 familiae

210 2029 345 2063 weiset
389 2029 466 2062 mir
502 2028 878 2064 ausseroidentliche
911 2028 1277 2069 Aufinerksalnkeit‚
1322 2029 1513 2077 Achtung.
1560 2049 1605 2054 —
1648 2045 1670 2064 a

211 2083 349 2122 quaest.
376 2090 455 2111 mea
483 2078 605 2118 sicil„-
633 2075 755 2109 Siculi
794 2077 914 2123 igitul
948 2081 1056 2109 erant
1088 2076 1130 2109 hi
1165 2076 1320 2116 Βιιιΐῐίἰ,
1358 2082 1466 2121 pater
1492 2083 1527 2118 et
1554 2078 1668 2112 filius

211 2126 311 2158 SCH.
342 2123 396 2157 Ad
421 2125 560 2158 Famil.
590 2124 688 2161 XVI
717 2127 761 2159 21
797 2124 898 2157 wird
926 2125 989 2157 ein
1016 2124 1177 2157 anderer
1202 2124 1374 2157 B1uttius
1411 2125 1597 2158 eiw‘ahnt.
1626 2146 1667 2152 -

213 2174 383 2214 Omnino,
410 2173 507 2205 allel
511 2173 644 2217 dings·
672 2172 725 2204 tls
752 2172 861 2204 Einr'.
853 2175 1034 2219 a'umung.
1063 2190 1109 2196 --
1136 2184 1264 2216 recept,
1291 2172 1489 2216 pollicitus
1515 2185 1609 2206 sum.

308 2235 343 2266 1.
392 2233 439 2265 [Μ.
478 2233 666 2265 Titurnius
700 2231 830 2274 Rufus,
878 2230 1102 2264 Siciliensis.
1141 2251 1182 2257 —
1218 2236 1319 2265 omni
1344 2233 1537 2278 diligentia
1562 2238 1671 2278 atque

212 2279 346 2324 officio.
399 2281 607 2324 Diligenlia
634 2290 676 2312 eo
703 2283 859 2323 spectat,
895 2283 937 2310 ut
976 2290 1023 2312 ne
1058 2278 1148 2322 quid
1182 2280 1416 2326 negligatur,
1456 2280 1556 2324 quod
1593 2281 1669 2314 eius

212 2327 386 2367 intersit3
415 2326 588 2372 officium,
615 2333 669 2368 ut,
696 2328 950 2370 quodcunque
974 2327 1008 2359 ei
1028 2326 1146 2359 tribui
1174 2328 1306 2370 possit,
1338 2327 1538 2362 tribuatur.
1569 2329 1671 2361 SCH.

212 2380 476 2419 —potestate‚
514 2386 631 2419 penes
666 2379 702 2408 le
729 2375 857 2414 situm,
896 2385 974 2407 nun
1009 2374 1109 2407 steht
1143 2385 1178 2407 es
1212 2374 1411 2409 dermalen
1448 2375 1488 2408 in
1525 2376 1671 2409 Deiner

212 2422 349 2457 Macht.
376 2441 423 2447 —-
449 2427 508 2456 ut.
525 2451 532 2458 .
549 2427 675 2467 ,putrt
701 2435 782 2463 esse,
812 2422 881 2455 ihn
908 2433 955 2454 zu
982 2422 1235 2469 iiberzeugen‚
1276 2434 1312 2455 es
1346 2422 1502 2456 bediirfe
1532 2423 1672 2457 weiter

212 2471 350 2504 Nichts
377 2471 430 2504 als
456 2470 607 2503 meiner
631 2469 905 2517 Verwendung
938 2469 999 2503 bei
1030 2469 1114 2509 Dir,
1153 2481 1215 2501 um
1251 2469 1331 2502 ihm
1358 2471 1503 2504 Deinen
1529 2470 1670 2504 Schutz

212 2530 259 2551 zu
286 2518 538 2551 verschaffen.
577 2517 688 2563 (Vgl.
717 2529 772 2561 ep.
800 2519 883 2558 497,
911 2517 944 2550 5.
982 2517 1142 2551 Pertinet
1174 2521 1266 2551 enim
1297 2519 1347 2550 acl
1381 2517 1543 2563 officium
1583 2520 1670 2558 cet.)

214 2566 273 2599 Du
299 2565 410 2599 wirst
436 2565 545 2598 mich
573 2564 744 2598 dadurch
771 2564 861 2598 sehr
888 2562 1019 2601 ehren.
1053 2583 1100 2589 —
1133 2565 1220 2599 Erit
1246 2566 1294 2599 id.
1330 2566 1392 2599 Ex
1416 2566 1539 2611 suppl,
1566 2566 1666 2600 Crat.

213 2612 341 2646 Lamb.
370 2623 444 2646 om.
472 2615 513 2646 id
537 2613 632 2646 Cett.
665 2623 753 2645 cum
779 2612 852 2645 Md.
883 2613 957 2646 ΟΒ.

354 2671 390 2709 Ρ,
418 2671 659 2711 SERVILIO.
693 2670 728 2707 S.
754 2683 802 2705 zu
829 2682 887 2718 ep.
916 2671 1144 2709 CCGCLXH
1172 2671 1225 2707 im
1254 2671 1340 2706 Anf.
