<?xml version="1.0" encoding="UTF-8"?>
<!DOCTYPE html PUBLIC "-//W3C//DTD XHTML 1.0 Transitional//EN"
    "http://www.w3.org/TR/xhtml1/DTD/xhtml1-transitional.dtd">
<html xmlns="http://www.w3.org/1999/xhtml" xml:lang="en" lang="en">
 <head>
  <title>
</title>
<meta http-equiv="Content-Type" content="text/html;charset=utf-8" />
  <meta name='ocr-system' content='tesseract 3.04.00' />
  <meta name='ocr-capabilities' content='ocr_page ocr_carea ocr_par ocr_line ocrx_word'/>
</head>
<body>
  <div class='ocr_page' id='page_1' title='image "./epistolaeadattic03ciceuoft_0235.png"; bbox 0 0 1795 3081; ppageno 0'>
   <div class='ocr_carea' id='block_1_1' title="bbox 541 47 1549 106">
    <p class='ocr_par' dir='ltr' id='par_1_1' title="bbox 541 47 1549 106">
     <span class='ocr_line' id='line_1_1' title="bbox 541 47 1549 106; baseline 0.01 -10"><span class='ocrx_word' id='word_1_1' title='bbox 541 47 863 99; x_wconf 88' lang='lat' dir='ltr'>EPISTOLA</span> <span class='ocrx_word' id='word_1_2' title='bbox 898 49 1105 97; x_wconf 93' lang='lat' dir='ltr'><strong>DXXII.</strong></span> <span class='ocrx_word' id='word_1_3' title='bbox 1453 56 1549 106; x_wconf 80' lang='lat'>225</span> 
     </span>
    </p>
   </div>
   <div class='ocr_carea' id='block_1_2' title="bbox 14 168 1549 719">
    <p class='ocr_par' dir='ltr' id='par_1_2' title="bbox 3 168 1549 719">
     <span class='ocr_line' id='line_1_2' title="bbox 30 168 1549 227; baseline -0.001 -15"><span class='ocrx_word' id='word_1_4' title='bbox 30 181 58 215; x_wconf 43' lang='lat' dir='ltr'>q</span> <span class='ocrx_word' id='word_1_5' title='bbox 87 184 210 213; x_wconf 89' lang='lat' dir='ltr'>meae</span> <span class='ocrx_word' id='word_1_6' title='bbox 240 177 405 225; x_wconf 85' lang='lat' dir='ltr'>partus.</span> <span class='ocrx_word' id='word_1_7' title='bbox 463 168 549 210; x_wconf 90' lang='lat' dir='ltr'>Sed</span> <span class='ocrx_word' id='word_1_8' title='bbox 578 182 712 222; x_wconf 89' lang='lat' dir='ltr'>quum</span> <span class='ocrx_word' id='word_1_9' title='bbox 741 182 806 220; x_wconf 90' lang='lat' dir='ltr'>ea,</span> <span class='ocrx_word' id='word_1_10' title='bbox 843 169 1210 222; x_wconf 83' lang='lat' dir='ltr'>quemadmodum</span> <span class='ocrx_word' id='word_1_11' title='bbox 1246 186 1391 227; x_wconf 82' lang='lat' dir='ltr'>spero,</span> <span class='ocrx_word' id='word_1_12' title='bbox 1443 177 1549 216; x_wconf 79' lang='lat' dir='ltr'>satis</span> 
     </span>
     <span class='ocr_line' id='line_1_3' title="bbox 29 217 1549 281; baseline -0.003 -14"><span class='ocrx_word' id='word_1_13' title='bbox 29 217 47 270; x_wconf 65' lang='grc' dir='ltr'>ἶ</span> <span class='ocrx_word' id='word_1_14' title='bbox 87 229 214 267; x_wconf 85' lang='lat' dir='ltr'>firma</span> <span class='ocrx_word' id='word_1_15' title='bbox 245 228 327 266; x_wconf 86' lang='lat' dir='ltr'>sit:</span> <span class='ocrx_word' id='word_1_16' title='bbox 371 232 526 266; x_wconf 89' lang='lat' dir='ltr'>teneor</span> <span class='ocrx_word' id='word_1_17' title='bbox 553 231 712 271; x_wconf 80' lang='lat' dir='ltr'>tamen,</span> <span class='ocrx_word' id='word_1_18' title='bbox 751 224 856 264; x_wconf 90' lang='lat' dir='ltr'>dum</span> <span class='ocrx_word' id='word_1_19' title='bbox 886 238 910 263; x_wconf 92' lang='lat' dir='ltr'>a</span> <span class='ocrx_word' id='word_1_20' title='bbox 940 225 1201 266; x_wconf 81' lang='lat' dir='ltr'>Dolabellae</span> <span class='ocrx_word' id='word_1_21' title='bbox 1239 233 1549 281; x_wconf 78' lang='lat' dir='ltr'>procuratori..</span> 
     </span>
     <span class='ocr_line' id='line_1_4' title="bbox 19 281 1547 337; baseline 0.001 -15"><span class='ocrx_word' id='word_1_22' title='bbox 19 283 41 311; x_wconf 56' lang='grc' dir='ltr'>’ἶ</span> <span class='ocrx_word' id='word_1_23' title='bbox 88 283 168 322; x_wconf 83' lang='lat' dir='ltr'>bus</span> <span class='ocrx_word' id='word_1_24' title='bbox 199 284 369 337; x_wconf 79' lang='lat' dir='ltr'>exigam</span> <span class='ocrx_word' id='word_1_25' title='bbox 399 283 585 335; x_wconf 82' lang='lat' dir='ltr'>primam</span> <span class='ocrx_word' id='word_1_26' title='bbox 614 281 894 333; x_wconf 79' lang='lat' dir='ltr'>pensionem3</span> <span class='ocrx_word' id='word_1_27' title='bbox 938 286 996 330; x_wconf 90' lang='lat' dir='ltr'>et,</span> <span class='ocrx_word' id='word_1_28' title='bbox 1033 281 1301 334; x_wconf 76' lang='lat' dir='ltr'>mehercule,</span> <span class='ocrx_word' id='word_1_29' title='bbox 1339 298 1427 324; x_wconf 90' lang='lat' dir='ltr'>non</span> <span class='ocrx_word' id='word_1_30' title='bbox 1457 292 1547 326; x_wconf 87' lang='lat' dir='ltr'>tam</span> 
     </span>
     <span class='ocr_line' id='line_1_5' title="bbox 14 327 1545 392; baseline 0.003 -15"><span class='ocrx_word' id='word_1_31' title='bbox 14 327 23 334; x_wconf 50' lang='lat'>⁶</span> <span class='ocrx_word' id='word_1_32' title='bbox 89 352 185 377; x_wconf 88' lang='lat' dir='ltr'>sum</span> <span class='ocrx_word' id='word_1_33' title='bbox 215 338 525 392; x_wconf 80' lang='lat' dir='ltr'>peregrinator</span> <span class='ocrx_word' id='word_1_34' title='bbox 554 337 654 385; x_wconf 91' lang='lat' dir='ltr'>iam,</span> <span class='ocrx_word' id='word_1_35' title='bbox 685 348 815 387; x_wconf 86' lang='lat' dir='ltr'>quam</span> <span class='ocrx_word' id='word_1_36' title='bbox 844 335 1051 374; x_wconf 83' lang='lat' dir='ltr'>solebam.</span> <span class='ocrx_word' id='word_1_37' title='bbox 1110 336 1321 380; x_wconf 84' lang='lat' dir='ltr'>Aedificia</span> <span class='ocrx_word' id='word_1_38' title='bbox 1349 353 1446 380; x_wconf 85' lang='lat' dir='ltr'>mea</span> <span class='ocrx_word' id='word_1_39' title='bbox 1475 355 1545 381; x_wconf 87' lang='lat' dir='ltr'>me</span> 
     </span>
     <span class='ocr_line' id='line_1_6' title="bbox 89 389 1548 442; baseline 0.003 -10"><span class='ocrx_word' id='word_1_40' title='bbox 89 392 368 432; x_wconf 81' lang='lat' dir='ltr'>delectabant</span> <span class='ocrx_word' id='word_1_41' title='bbox 407 398 450 431; x_wconf 87' lang='lat' dir='ltr'>et</span> <span class='ocrx_word' id='word_1_42' title='bbox 489 392 642 430; x_wconf 90' lang='lat' dir='ltr'>otium.</span> <span class='ocrx_word' id='word_1_43' title='bbox 712 389 879 429; x_wconf 89' lang='lat' dir='ltr'>Domus</span> <span class='ocrx_word' id='word_1_44' title='bbox 919 397 997 440; x_wconf 85' lang='lat' dir='ltr'>est,</span> <span class='ocrx_word' id='word_1_45' title='bbox 1043 403 1153 442; x_wconf 90' lang='lat' dir='ltr'>quae</span> <span class='ocrx_word' id='word_1_46' title='bbox 1195 395 1310 433; x_wconf 90' lang='lat' dir='ltr'>nulli</span> <span class='ocrx_word' id='word_1_47' title='bbox 1347 409 1548 436; x_wconf 85' lang='lat' dir='ltr'>mearum</span> 
     </span>
     <span class='ocr_line' id='line_1_7' title="bbox 35 444 1546 504; baseline 0.002 -20"><span class='ocrx_word' id='word_1_48' title='bbox 35 481 37 484; x_wconf 14' lang='grc' dir='ltr'><em>Α</em></span> <span class='ocrx_word' id='word_1_49' title='bbox 87 449 296 488; x_wconf 70' lang='lat' dir='ltr'>villarum</span> <span class='ocrx_word' id='word_1_50' title='bbox 329 446 477 486; x_wconf 81' lang='lat' dir='ltr'>cedat:</span> <span class='ocrx_word' id='word_1_51' title='bbox 517 446 656 485; x_wconf 85' lang='lat' dir='ltr'>otium</span> <span class='ocrx_word' id='word_1_52' title='bbox 687 447 806 484; x_wconf 87' lang='lat' dir='ltr'>omni</span> <span class='ocrx_word' id='word_1_53' title='bbox 836 444 1134 485; x_wconf 78' lang='lat' dir='ltr'>desertissima</span> <span class='ocrx_word' id='word_1_54' title='bbox 1172 450 1354 504; x_wconf 80' lang='lat' dir='ltr'>regione</span> <span class='ocrx_word' id='word_1_55' title='bbox 1389 453 1546 492; x_wconf 81' lang='lat' dir='ltr'>maius,</span> 
     </span>
     <span class='ocr_line' id='line_1_8' title="bbox 16 499 1547 559; baseline 0 -17"><span class='ocrx_word' id='word_1_56' title='bbox 16 525 35 533; x_wconf 57' lang='lat'>›·</span> <span class='ocrx_word' id='word_1_57' title='bbox 88 503 242 556; x_wconf 83' lang='lat' dir='ltr'>Itaque</span> <span class='ocrx_word' id='word_1_58' title='bbox 272 517 325 542; x_wconf 88' lang='lat' dir='ltr'>ne</span> <span class='ocrx_word' id='word_1_59' title='bbox 354 503 511 541; x_wconf 86' lang='lat' dir='ltr'>literae</span> <span class='ocrx_word' id='word_1_60' title='bbox 550 499 725 553; x_wconf 85' lang='lat' dir='ltr'>quidem</span> <span class='ocrx_word' id='word_1_61' title='bbox 762 513 884 540; x_wconf 82' lang='lat' dir='ltr'>meae</span> <span class='ocrx_word' id='word_1_62' title='bbox 923 500 1258 553; x_wconf 82' lang='lat' dir='ltr'>impediuntur3</span> <span class='ocrx_word' id='word_1_63' title='bbox 1304 507 1349 543; x_wconf 89' lang='lat' dir='ltr'>in</span> <span class='ocrx_word' id='word_1_64' title='bbox 1387 507 1547 559; x_wconf 84' lang='lat' dir='ltr'>quibus</span> 
     </span>
     <span class='ocr_line' id='line_1_9' title="bbox 89 556 1547 615; baseline 0.003 -17.777"><span class='ocrx_word' id='word_1_65' title='bbox 89 560 182 598; x_wconf 89' lang='lat' dir='ltr'>sine</span> <span class='ocrx_word' id='word_1_66' title='bbox 212 559 304 596; x_wconf 92' lang='lat' dir='ltr'>ulla</span> <span class='ocrx_word' id='word_1_67' title='bbox 333 556 691 609; x_wconf 84' lang='lat' dir='ltr'>interpellatione</span> <span class='ocrx_word' id='word_1_68' title='bbox 719 569 889 595; x_wconf 84' lang='lat' dir='ltr'>versor.</span> <span class='ocrx_word' id='word_1_69' title='bbox 948 556 1095 608; x_wconf 72' lang='lat' dir='ltr'>Quare</span> <span class='ocrx_word' id='word_1_70' title='bbox 1123 563 1173 597; x_wconf 90' lang='lat' dir='ltr'>ut</span> <span class='ocrx_word' id='word_1_71' title='bbox 1200 559 1414 611; x_wconf 84' lang='lat' dir='ltr'>arbitror,</span> <span class='ocrx_word' id='word_1_72' title='bbox 1452 564 1547 615; x_wconf 93' lang='lat' dir='ltr'>pri-</span> 
     </span>
     <span class='ocr_line' id='line_1_10' title="bbox 89 610 1548 668; baseline 0.003 -15.812"><span class='ocrx_word' id='word_1_73' title='bbox 89 627 138 652; x_wconf 91' lang='lat' dir='ltr'>us</span> <span class='ocrx_word' id='word_1_74' title='bbox 168 613 240 653; x_wconf 90' lang='lat' dir='ltr'>hic</span> <span class='ocrx_word' id='word_1_75' title='bbox 269 620 312 652; x_wconf 86' lang='lat' dir='ltr'>te</span> <span class='ocrx_word' id='word_1_76' title='bbox 341 625 434 663; x_wconf 79' lang='lat' dir='ltr'>nos,</span> <span class='ocrx_word' id='word_1_77' title='bbox 480 625 608 664; x_wconf 87' lang='lat' dir='ltr'>quam</span> <span class='ocrx_word' id='word_1_78' title='bbox 637 612 739 650; x_wconf 89' lang='lat' dir='ltr'>istic</span> <span class='ocrx_word' id='word_1_79' title='bbox 777 617 827 650; x_wconf 86' lang='lat' dir='ltr'>tu</span> <span class='ocrx_word' id='word_1_80' title='bbox 861 623 940 650; x_wconf 89' lang='lat' dir='ltr'>nos</span> <span class='ocrx_word' id='word_1_81' title='bbox 969 610 1152 652; x_wconf 87' lang='lat' dir='ltr'>videbis.</span> <span class='ocrx_word' id='word_1_82' title='bbox 1209 614 1350 668; x_wconf 82' lang='lat' dir='ltr'>Lepta</span> <span class='ocrx_word' id='word_1_83' title='bbox 1378 619 1548 658; x_wconf 82' lang='lat' dir='ltr'>suavis-</span> 
     </span>
     <span class='ocr_line' id='line_1_11' title="bbox 87 665 1148 719; baseline -0.002 -11.147"><span class='ocrx_word' id='word_1_84' title='bbox 87 670 221 708; x_wconf 88' lang='lat' dir='ltr'>simus</span> <span class='ocrx_word' id='word_1_85' title='bbox 251 667 416 707; x_wconf 87' lang='lat' dir='ltr'>ediscat</span> <span class='ocrx_word' id='word_1_86' title='bbox 444 665 690 706; x_wconf 89' lang='lat' dir='ltr'>Hesiodum</span> <span class='ocrx_word' id='word_1_87' title='bbox 719 672 763 706; x_wconf 82' lang='lat' dir='ltr'>et</span> <span class='ocrx_word' id='word_1_88' title='bbox 790 666 950 706; x_wconf 86' lang='lat' dir='ltr'>habeat</span> <span class='ocrx_word' id='word_1_89' title='bbox 979 668 1025 705; x_wconf 92' lang='lat' dir='ltr'>in</span> <span class='ocrx_word' id='word_1_90' title='bbox 1054 679 1148 719; x_wconf 89' lang='lat' dir='ltr'>ore,</span> 
     </span>
    </p>
   </div>
   <div class='ocr_carea' id='block_1_3' title="bbox 257 729 901 790">
    <p class='ocr_par' dir='ltr' id='par_1_3' title="bbox 257 729 901 790">
     <span class='ocr_line' id='line_1_12' title="bbox 257 729 901 790; baseline -0.002 -17"><span class='ocrx_word' id='word_1_91' title='bbox 257 734 347 789; x_wconf 67' lang='grc' dir='ltr'>Τῆς</span> <span class='ocrx_word' id='word_1_92' title='bbox 375 729 415 774; x_wconf 75' lang='grc' dir='ltr'>δ’</span> <span class='ocrx_word' id='word_1_93' title='bbox 448 729 606 789; x_wconf 70' lang='grc' dir='ltr'><em>ἀρετῆς</em></span> <span class='ocrx_word' id='word_1_94' title='bbox 631 729 796 790; x_wconf 76' lang='grc' dir='ltr'><em>ἱδρῶτα</em></span> <span class='ocrx_word' id='word_1_95' title='bbox 823 753 901 772; x_wconf 85' lang='lat'>-.</span> 
     </span>
    </p>
   </div>
   <div class='ocr_carea' id='block_1_4' title="bbox 793 838 1034 845">
    <p class='ocr_par' dir='ltr' id='par_1_4' title="bbox 793 838 1034 845">
     <span class='ocr_line' id='line_1_13' title="bbox 793 838 1034 845; baseline 0 0"><span class='ocrx_word' id='word_1_96' title='bbox 793 838 1034 845; x_wconf 95' lang='lat' dir='ltr'> </span> 
     </span>
    </p>
   </div>
   <div class='ocr_carea' id='block_1_5' title="bbox 217 896 1413 1035">
    <p class='ocr_par' dir='ltr' id='par_1_5' title="bbox 217 896 1413 1035">
     <span class='ocr_line' id='line_1_14' title="bbox 254 896 1382 960; baseline 0.001 -15"><span class='ocrx_word' id='word_1_97' title='bbox 254 896 570 948; x_wconf 85' lang='lat' dir='ltr'>EPISTOLA</span> <span class='ocrx_word' id='word_1_98' title='bbox 609 898 810 947; x_wconf 91' lang='lat' dir='ltr'><strong>DXXII.</strong></span> <span class='ocrx_word' id='word_1_99' title='bbox 873 897 955 958; x_wconf 81' lang='lat' dir='ltr'>(ad</span> <span class='ocrx_word' id='word_1_100' title='bbox 989 898 1102 947; x_wconf 83' lang='lat' dir='ltr'>Div.</span> <span class='ocrx_word' id='word_1_101' title='bbox 1140 898 1244 950; x_wconf 89' lang='lat' dir='ltr'>XV.</span> <span class='ocrx_word' id='word_1_102' title='bbox 1283 900 1382 960; x_wconf 89' lang='grc'>16.)</span> 
     </span>
     <span class='ocr_line' id='line_1_15' title="bbox 217 984 1413 1035; baseline 0.004 -16"><span class='ocrx_word' id='word_1_103' title='bbox 217 984 298 1020; x_wconf 81' lang='lat' dir='ltr'>scr.</span> <span class='ocrx_word' id='word_1_104' title='bbox 326 986 464 1020; x_wconf 77' lang='lat' dir='ltr'>Romae</span> <span class='ocrx_word' id='word_1_105' title='bbox 490 997 621 1020; x_wconf 73' lang='lat' dir='ltr'>mense</span> <span class='ocrx_word' id='word_1_106' title='bbox 648 987 827 1021; x_wconf 54' lang='lat' dir='ltr'>lemnario</span> <span class='ocrx_word' id='word_1_107' title='bbox 852 987 894 1021; x_wconf 83' lang='lat' dir='ltr'>A.</span> <span class='ocrx_word' id='word_1_108' title='bbox 923 988 967 1022; x_wconf 88' lang='lat' dir='ltr'>U.</span> <span class='ocrx_word' id='word_1_109' title='bbox 997 988 1037 1022; x_wconf 89' lang='lat' dir='ltr'>c.</span> <span class='ocrx_word' id='word_1_110' title='bbox 1065 991 1145 1025; x_wconf 88' lang='lat'><strong>709.</strong></span> <span class='ocrx_word' id='word_1_111' title='bbox 1197 988 1244 1033; x_wconf 83' lang='lat' dir='ltr'>(a.</span> <span class='ocrx_word' id='word_1_112' title='bbox 1272 990 1311 1024; x_wconf 82' lang='lat' dir='ltr'>e.</span> <span class='ocrx_word' id='word_1_113' title='bbox 1337 991 1413 1035; x_wconf 70' lang='lat'><strong>45.)</strong></span> 
     </span>
    </p>
   </div>
   <div class='ocr_carea' id='block_1_6' title="bbox 28 1058 1546 1191">
    <p class='ocr_par' dir='ltr' id='par_1_6' title="bbox 14 1058 1546 1191">
     <span class='ocr_line' id='line_1_16' title="bbox 28 1058 1546 1105; baseline 0.003 -13.954"><span class='ocrx_word' id='word_1_114' title='bbox 28 1065 34 1068; x_wconf 83' lang='grc'><strong><em>’</em></strong></span> <span class='ocrx_word' id='word_1_115' title='bbox 86 1058 277 1103; x_wconf 81' lang='lat' dir='ltr'>Epistolas</span> <span class='ocrx_word' id='word_1_116' title='bbox 304 1058 421 1091; x_wconf 85' lang='lat' dir='ltr'>Cassii</span> <span class='ocrx_word' id='word_1_117' title='bbox 451 1058 654 1102; x_wconf 86' lang='lat' dir='ltr'>requirens</span> <span class='ocrx_word' id='word_1_118' title='bbox 682 1058 831 1092; x_wconf 85' lang='lat' dir='ltr'>iocatur</span> <span class='ocrx_word' id='word_1_119' title='bbox 856 1059 896 1092; x_wconf 89' lang='lat' dir='ltr'>in</span> <span class='ocrx_word' id='word_1_120' title='bbox 924 1059 1126 1103; x_wconf 82' lang='lat' dir='ltr'>opiniones</span> <span class='ocrx_word' id='word_1_121' title='bbox 1141 1060 1352 1105; x_wconf 87' lang='lat' dir='ltr'>Epicureas</span> <span class='ocrx_word' id='word_1_122' title='bbox 1379 1062 1425 1096; x_wconf 89' lang='lat' dir='ltr'>de</span> <span class='ocrx_word' id='word_1_123' title='bbox 1451 1062 1546 1097; x_wconf 83' lang='lat' dir='ltr'>ima-</span> 
     </span>
     <span class='ocr_line' id='line_1_17' title="bbox 85 1105 1545 1191; baseline 0.005 -51.733"><span class='ocrx_word' id='word_1_124' title='bbox 85 1107 220 1155; x_wconf 86' lang='lat' dir='ltr'>ginum</span> <span class='ocrx_word' id='word_1_125' title='bbox 254 1105 476 1140; x_wconf 86' lang='lat' dir='ltr'>incursione</span> <span class='ocrx_word' id='word_1_126' title='bbox 512 1111 548 1140; x_wconf 91' lang='lat' dir='ltr'>et</span> <span class='ocrx_word' id='word_1_127' title='bbox 581 1106 624 1139; x_wconf 87' lang='lat' dir='ltr'>in</span> <span class='ocrx_word' id='word_1_128' title='bbox 665 1106 791 1187; x_wconf 37' lang='lat' dir='ltr'>ips-uin</span> <span class='ocrx_word' id='word_1_129' title='bbox 819 1107 989 1191; x_wconf 57' lang='lat' dir='ltr'>Casiiuig</span> <span class='ocrx_word' id='word_1_130' title='bbox 1024 1107 1240 1152; x_wconf 84' lang='lat' dir='ltr'>Epicureae</span> <span class='ocrx_word' id='word_1_131' title='bbox 1275 1108 1545 1156; x_wconf 82' lang='lat' dir='ltr'>philosophiae</span> 
     </span>
     <span class='ocr_line' id='line_1_18' title="bbox 631 1159 995 1189; baseline 0.005 -2"><span class='ocrx_word' id='word_1_132' title='bbox 631 1159 690 1187; x_wconf 82' lang='lat' dir='ltr'>stu</span> <span class='ocrx_word' id='word_1_133' title='bbox 719 1165 854 1189; x_wconf 70' lang='lat' dir='ltr'>losum.</span> <span class='ocrx_word' id='word_1_134' title='bbox 914 1174 958 1179; x_wconf 93' lang='lat'>—</span> <span class='ocrx_word' id='word_1_135' title='bbox 987 1180 995 1189; x_wconf 91' lang='lat'><strong>.</strong></span> 
     </span>
    </p>
   </div>
   <div class='ocr_carea' id='block_1_7' title="bbox 461 1223 1164 1263">
    <p class='ocr_par' dir='ltr' id='par_1_7' title="bbox 461 1223 1164 1263">
     <span class='ocr_line' id='line_1_19' title="bbox 461 1223 1164 1263; baseline 0.007 -5"><span class='ocrx_word' id='word_1_136' title='bbox 461 1226 508 1259; x_wconf 84' lang='grc' dir='ltr'>Μ.</span> <span class='ocrx_word' id='word_1_137' title='bbox 545 1223 726 1261; x_wconf 87' lang='lat' dir='ltr'>CICERO</span> <span class='ocrx_word' id='word_1_138' title='bbox 762 1225 798 1261; x_wconf 88' lang='lat' dir='ltr'>S.</span> <span class='ocrx_word' id='word_1_139' title='bbox 834 1227 877 1263; x_wconf 87' lang='lat' dir='ltr'>D.</span> <span class='ocrx_word' id='word_1_140' title='bbox 911 1228 948 1263; x_wconf 85' lang='lat' dir='ltr'>G.</span> <span class='ocrx_word' id='word_1_141' title='bbox 986 1226 1164 1263; x_wconf 85' lang='lat' dir='ltr'>CASSIO.</span> 
     </span>
    </p>
   </div>
   <div class='ocr_carea' id='block_1_8' title="bbox 21 1297 1546 1685">
    <p class='ocr_par' dir='ltr' id='par_1_8' title="bbox 21 1297 1546 1685">
     <span class='ocr_line' id='line_1_20' title="bbox 195 1297 1544 1356; baseline 0.004 -19"><span class='ocrx_word' id='word_1_142' title='bbox 195 1298 305 1338; x_wconf 86' lang='lat' dir='ltr'>Puto</span> <span class='ocrx_word' id='word_1_143' title='bbox 336 1303 379 1338; x_wconf 85' lang='lat' dir='ltr'>te</span> <span class='ocrx_word' id='word_1_144' title='bbox 409 1298 496 1338; x_wconf 86' lang='lat' dir='ltr'>iam</span> <span class='ocrx_word' id='word_1_145' title='bbox 525 1297 788 1351; x_wconf 90' lang='lat' dir='ltr'>suppudere,</span> <span class='ocrx_word' id='word_1_146' title='bbox 831 1313 964 1352; x_wconf 86' lang='lat' dir='ltr'>quum</span> <span class='ocrx_word' id='word_1_147' title='bbox 1004 1299 1112 1340; x_wconf 90' lang='lat' dir='ltr'>haec</span> <span class='ocrx_word' id='word_1_148' title='bbox 1150 1301 1284 1341; x_wconf 87' lang='lat' dir='ltr'>tertia</span> <span class='ocrx_word' id='word_1_149' title='bbox 1322 1302 1410 1341; x_wconf 87' lang='lat' dir='ltr'>iam</span> <span class='ocrx_word' id='word_1_150' title='bbox 1451 1302 1544 1356; x_wconf 90' lang='lat' dir='ltr'>epi-</span> 
     </span>
     <span class='ocr_line' id='line_1_21' title="bbox 21 1349 1542 1407; baseline 0.002 -13"><span class='ocrx_word' id='word_1_151' title='bbox 21 1349 198 1394; x_wconf 89' lang='lat' dir='ltr'>stola</span> <span class='ocrx_word' id='word_1_152' title='bbox 228 1359 328 1393; x_wconf 86' lang='lat' dir='ltr'>ante</span> <span class='ocrx_word' id='word_1_153' title='bbox 368 1359 410 1393; x_wconf 87' lang='lat' dir='ltr'>te</span> <span class='ocrx_word' id='word_1_154' title='bbox 442 1355 726 1406; x_wconf 79' lang='lat' dir='ltr'>oppresserit,</span> <span class='ocrx_word' id='word_1_155' title='bbox 770 1368 899 1407; x_wconf 87' lang='lat' dir='ltr'>quam</span> <span class='ocrx_word' id='word_1_156' title='bbox 941 1362 989 1394; x_wconf 90' lang='lat' dir='ltr'>tu</span> <span class='ocrx_word' id='word_1_157' title='bbox 1028 1354 1193 1395; x_wconf 85' lang='lat' dir='ltr'>scidam</span> <span class='ocrx_word' id='word_1_158' title='bbox 1238 1364 1314 1397; x_wconf 87' lang='lat' dir='ltr'>aut</span> <span class='ocrx_word' id='word_1_159' title='bbox 1351 1358 1542 1398; x_wconf 86' lang='lat' dir='ltr'>literam.</span> 
     </span>
     <span class='ocr_line' id='line_1_22' title="bbox 61 1408 1544 1465; baseline 0.003 -17"><span class='ocrx_word' id='word_1_160' title='bbox 61 1408 170 1448; x_wconf 87' lang='lat' dir='ltr'>Sed</span> <span class='ocrx_word' id='word_1_161' title='bbox 208 1421 296 1447; x_wconf 89' lang='lat' dir='ltr'>non</span> <span class='ocrx_word' id='word_1_162' title='bbox 336 1421 503 1464; x_wconf 85' lang='lat' dir='ltr'>urgeo:</span> <span class='ocrx_word' id='word_1_163' title='bbox 550 1409 773 1464; x_wconf 80' lang='lat' dir='ltr'>longiores</span> <span class='ocrx_word' id='word_1_164' title='bbox 818 1412 934 1450; x_wconf 89' lang='lat' dir='ltr'>enim</span> <span class='ocrx_word' id='word_1_165' title='bbox 978 1411 1238 1463; x_wconf 73' lang='lat' dir='ltr'>exspectabo</span> <span class='ocrx_word' id='word_1_166' title='bbox 1280 1413 1353 1452; x_wconf 77' lang='lat' dir='ltr'>vel</span> <span class='ocrx_word' id='word_1_167' title='bbox 1397 1415 1544 1465; x_wconf 86' lang='lat' dir='ltr'>potius</span> 
     </span>
     <span class='ocr_line' id='line_1_23' title="bbox 85 1464 1544 1519; baseline 0.004 -16.895"><span class='ocrx_word' id='word_1_168' title='bbox 85 1465 269 1518; x_wconf 74' lang='lat' dir='ltr'>exigam.</span> <span class='ocrx_word' id='word_1_169' title='bbox 328 1464 434 1519; x_wconf 84' lang='lat' dir='ltr'>Ego,</span> <span class='ocrx_word' id='word_1_170' title='bbox 466 1464 502 1501; x_wconf 87' lang='lat' dir='ltr'>si</span> <span class='ocrx_word' id='word_1_171' title='bbox 532 1477 704 1516; x_wconf 87' lang='lat' dir='ltr'>semper</span> <span class='ocrx_word' id='word_1_172' title='bbox 734 1464 957 1514; x_wconf 86' lang='lat' dir='ltr'>haberem,</span> <span class='ocrx_word' id='word_1_173' title='bbox 989 1467 1059 1504; x_wconf 94' lang='lat' dir='ltr'>cui</span> <span class='ocrx_word' id='word_1_174' title='bbox 1090 1465 1255 1517; x_wconf 88' lang='lat' dir='ltr'>darem,</span> <span class='ocrx_word' id='word_1_175' title='bbox 1292 1468 1364 1507; x_wconf 81' lang='lat' dir='ltr'>vel</span> <span class='ocrx_word' id='word_1_176' title='bbox 1395 1474 1544 1508; x_wconf 84' lang='lat' dir='ltr'>ternas</span> 
     </span>
     <span class='ocr_line' id='line_1_24' title="bbox 37 1515 1545 1575; baseline 0.005 -19"><span class='ocrx_word' id='word_1_177' title='bbox 37 1515 53 1518; x_wconf 59' lang='grc'>”’</span> <span class='ocrx_word' id='word_1_178' title='bbox 84 1520 129 1557; x_wconf 89' lang='lat' dir='ltr'>in</span> <span class='ocrx_word' id='word_1_179' title='bbox 175 1520 286 1557; x_wconf 90' lang='lat' dir='ltr'>hora</span> <span class='ocrx_word' id='word_1_180' title='bbox 327 1518 491 1558; x_wconf 85' lang='lat' dir='ltr'>darem.</span> <span class='ocrx_word' id='word_1_181' title='bbox 567 1519 635 1557; x_wconf 85' lang='lat' dir='ltr'>Fit</span> <span class='ocrx_word' id='word_1_182' title='bbox 672 1521 787 1559; x_wconf 88' lang='lat' dir='ltr'>enim</span> <span class='ocrx_word' id='word_1_183' title='bbox 827 1522 972 1559; x_wconf 90' lang='lat' dir='ltr'>nescio</span> <span class='ocrx_word' id='word_1_184' title='bbox 1011 1521 1101 1573; x_wconf 78' lang='lat' dir='ltr'>qui,</span> <span class='ocrx_word' id='word_1_185' title='bbox 1144 1528 1194 1561; x_wconf 87' lang='lat' dir='ltr'>ut</span> <span class='ocrx_word' id='word_1_186' title='bbox 1231 1525 1353 1575; x_wconf 86' lang='lat' dir='ltr'>quasi</span> <span class='ocrx_word' id='word_1_187' title='bbox 1394 1536 1545 1563; x_wconf 88' lang='lat' dir='ltr'>coram</span> 
     </span>
     <span class='ocr_line' id='line_1_25' title="bbox 84 1573 1543 1630; baseline 0.005 -19"><span class='ocrx_word' id='word_1_188' title='bbox 84 1573 231 1612; x_wconf 87' lang='lat' dir='ltr'>adesse</span> <span class='ocrx_word' id='word_1_189' title='bbox 260 1573 455 1624; x_wconf 75' lang='lat' dir='ltr'>videare,</span> <span class='ocrx_word' id='word_1_190' title='bbox 489 1587 621 1625; x_wconf 90' lang='lat' dir='ltr'>quum</span> <span class='ocrx_word' id='word_1_191' title='bbox 651 1575 798 1613; x_wconf 86' lang='lat' dir='ltr'>scribo</span> <span class='ocrx_word' id='word_1_192' title='bbox 830 1575 998 1627; x_wconf 85' lang='lat' dir='ltr'>aliquid</span> <span class='ocrx_word' id='word_1_193' title='bbox 1022 1576 1077 1614; x_wconf 81' lang='lat' dir='ltr'>ad</span> <span class='ocrx_word' id='word_1_194' title='bbox 1106 1583 1171 1616; x_wconf 87' lang='lat' dir='ltr'>te:</span> <span class='ocrx_word' id='word_1_195' title='bbox 1204 1591 1345 1630; x_wconf 85' lang='lat' dir='ltr'>neque</span> <span class='ocrx_word' id='word_1_196' title='bbox 1374 1577 1420 1618; x_wconf 86' lang='lat' dir='ltr'>id</span> <span class='ocrx_word' id='word_1_197' title='bbox 1450 1573 1543 1619; x_wconf 73' lang='grc' dir='ltr'>κατ’</span> 
     </span>
     <span class='ocr_line' id='line_1_26' title="bbox 31 1625 1546 1685; baseline 0.002 -14"><span class='ocrx_word' id='word_1_198' title='bbox 31 1652 46 1681; x_wconf 60' lang='grc' dir='ltr'><em>ς</em></span> <span class='ocrx_word' id='word_1_199' title='bbox 82 1625 276 1671; x_wconf 72' lang='grc' dir='ltr'><em>εἰδώλων</em></span> <span class='ocrx_word' id='word_1_200' title='bbox 303 1626 562 1682; x_wconf 74' lang='grc' dir='ltr'><em>φαντασίας,</em></span> <span class='ocrx_word' id='word_1_201' title='bbox 592 1635 642 1668; x_wconf 90' lang='lat' dir='ltr'>ut</span> <span class='ocrx_word' id='word_1_202' title='bbox 672 1628 826 1670; x_wconf 89' lang='lat' dir='ltr'>dicunt</span> <span class='ocrx_word' id='word_1_203' title='bbox 854 1633 920 1670; x_wconf 89' lang='lat' dir='ltr'>tui</span> <span class='ocrx_word' id='word_1_204' title='bbox 950 1632 1081 1670; x_wconf 89' lang='lat' dir='ltr'>amici</span> <span class='ocrx_word' id='word_1_205' title='bbox 1111 1632 1244 1681; x_wconf 71' lang='lat' dir='ltr'>novi,</span> <span class='ocrx_word' id='word_1_206' title='bbox 1285 1635 1360 1685; x_wconf 88' lang='lat' dir='ltr'>qui</span> <span class='ocrx_word' id='word_1_207' title='bbox 1388 1640 1546 1685; x_wconf 83' lang='lat' dir='ltr'>putant</span> 
     </span>
    </p>
   </div>
   <div class='ocr_carea' id='block_1_9' title="bbox 16 1743 1546 2221">
    <p class='ocr_par' dir='ltr' id='par_1_9' title="bbox 29 1733 1546 1796">
     <span class='ocr_line' id='line_1_27' title="bbox 80 1743 1546 1796; baseline 0.005 -19.731"><span class='ocrx_word' id='word_1_208' title='bbox 80 1743 289 1777; x_wconf 83' lang='lat' dir='ltr'>Februario</span> <span class='ocrx_word' id='word_1_209' title='bbox 316 1748 541 1788; x_wconf 80' lang='lat' dir='ltr'>consumpta</span> <span class='ocrx_word' id='word_1_210' title='bbox 569 1748 635 1777; x_wconf 84' lang='lat' dir='ltr'>est.</span> <span class='ocrx_word' id='word_1_211' title='bbox 664 1745 764 1778; x_wconf 85' lang='lat' dir='ltr'><strong>SCH.</strong></span> <span class='ocrx_word' id='word_1_212' title='bbox 794 1766 833 1771; x_wconf 97' lang='lat'><strong>—</strong></span> <span class='ocrx_word' id='word_1_213' title='bbox 863 1758 971 1792; x_wconf 79' lang='lat' dir='ltr'>quum</span> <span class='ocrx_word' id='word_1_214' title='bbox 997 1756 1044 1778; x_wconf 84' lang='lat'>=</span> <span class='ocrx_word' id='word_1_215' title='bbox 1072 1746 1263 1796; x_wconf 83' lang='lat' dir='ltr'>obgleich.</span> <span class='ocrx_word' id='word_1_216' title='bbox 1301 1767 1347 1774; x_wconf 88' lang='lat'>-—</span> <span class='ocrx_word' id='word_1_217' title='bbox 1377 1752 1546 1795; x_wconf 79' lang='lat' dir='ltr'>primam</span> 
     </span>
    </p>

    <p class='ocr_par' dir='ltr' id='par_1_10' title="bbox 16 1789 1544 2221">
     <span class='ocr_line' id='line_1_28' title="bbox 78 1789 1543 1843; baseline 0.005 -20"><span class='ocrx_word' id='word_1_218' title='bbox 78 1794 283 1835; x_wconf 80' lang='lat' dir='ltr'>pensionem</span> <span class='ocrx_word' id='word_1_219' title='bbox 317 1789 414 1825; x_wconf 83' lang='lat' dir='ltr'>dotis</span> <span class='ocrx_word' id='word_1_220' title='bbox 441 1804 460 1824; x_wconf 85' lang='lat' dir='ltr'>a</span> <span class='ocrx_word' id='word_1_221' title='bbox 487 1791 684 1825; x_wconf 83' lang='lat' dir='ltr'>Dolabella</span> <span class='ocrx_word' id='word_1_222' title='bbox 711 1791 863 1828; x_wconf 84' lang='lat' dir='ltr'>Tulliae</span> <span class='ocrx_word' id='word_1_223' title='bbox 899 1794 1123 1829; x_wconf 86' lang='lat' dir='ltr'>reddendae.</span> <span class='ocrx_word' id='word_1_224' title='bbox 1162 1797 1262 1829; x_wconf 83' lang='lat' dir='ltr'><strong>SCH.</strong></span> <span class='ocrx_word' id='word_1_225' title='bbox 1305 1814 1347 1822; x_wconf 88' lang='lat'>-—</span> <span class='ocrx_word' id='word_1_226' title='bbox 1382 1810 1543 1843; x_wconf 79' lang='lat' dir='ltr'>peregr.,</span> 
     </span>
     <span class='ocr_line' id='line_1_29' title="bbox 34 1836 1542 1887; baseline 0.006 -16"><span class='ocrx_word' id='word_1_227' title='bbox 34 1836 36 1838; x_wconf 59' lang='grc'>’</span> <span class='ocrx_word' id='word_1_228' title='bbox 82 1838 313 1873; x_wconf 78' lang='lat' dir='ltr'>Wanderer.</span> <span class='ocrx_word' id='word_1_229' title='bbox 348 1857 393 1863; x_wconf 93' lang='lat'><strong>—</strong></span> <span class='ocrx_word' id='word_1_230' title='bbox 424 1841 603 1884; x_wconf 49' lang='lat' dir='ltr'>Aedificia</span> <span class='ocrx_word' id='word_1_231' title='bbox 640 1839 823 1873; x_wconf 87' lang='lat' dir='ltr'>villarum</span> <span class='ocrx_word' id='word_1_232' title='bbox 862 1842 954 1876; x_wconf 85' lang='lat' dir='ltr'>olim</span> <span class='ocrx_word' id='word_1_233' title='bbox 991 1855 1053 1877; x_wconf 85' lang='lat' dir='ltr'>me</span> <span class='ocrx_word' id='word_1_234' title='bbox 1088 1844 1315 1878; x_wconf 74' lang='lat' dir='ltr'>delectabant</span> <span class='ocrx_word' id='word_1_235' title='bbox 1349 1849 1383 1879; x_wconf 74' lang='lat' dir='ltr'>et</span> <span class='ocrx_word' id='word_1_236' title='bbox 1413 1850 1542 1887; x_wconf 83' lang='lat' dir='ltr'>otium,</span> 
     </span>
     <span class='ocr_line' id='line_1_30' title="bbox 84 1886 1543 1934; baseline 0.006 -16"><span class='ocrx_word' id='word_1_237' title='bbox 84 1897 158 1929; x_wconf 88' lang='lat' dir='ltr'>quo</span> <span class='ocrx_word' id='word_1_238' title='bbox 185 1886 238 1919; x_wconf 90' lang='lat' dir='ltr'>ibi</span> <span class='ocrx_word' id='word_1_239' title='bbox 266 1886 429 1920; x_wconf 84' lang='lat' dir='ltr'>fruebar.</span> <span class='ocrx_word' id='word_1_240' title='bbox 482 1888 596 1921; x_wconf 89' lang='lat' dir='ltr'>Nunc</span> <span class='ocrx_word' id='word_1_241' title='bbox 622 1899 713 1921; x_wconf 82' lang='lat' dir='ltr'>vero</span> <span class='ocrx_word' id='word_1_242' title='bbox 750 1887 852 1922; x_wconf 84' lang='lat' dir='ltr'>idern</span> <span class='ocrx_word' id='word_1_243' title='bbox 881 1894 1047 1934; x_wconf 82' lang='lat' dir='ltr'>praestat</span> <span class='ocrx_word' id='word_1_244' title='bbox 1085 1891 1186 1933; x_wconf 86' lang='lat' dir='ltr'>urbs,</span> <span class='ocrx_word' id='word_1_245' title='bbox 1222 1890 1287 1925; x_wconf 87' lang='lat' dir='ltr'>ubi</span> <span class='ocrx_word' id='word_1_246' title='bbox 1314 1892 1447 1927; x_wconf 88' lang='lat' dir='ltr'>domus</span> <span class='ocrx_word' id='word_1_247' title='bbox 1475 1900 1543 1934; x_wconf 89' lang='lat' dir='ltr'>est,</span> 
     </span>
     <span class='ocr_line' id='line_1_31' title="bbox 85 1933 1544 1979; baseline 0.006 -13"><span class='ocrx_word' id='word_1_248' title='bbox 85 1945 179 1977; x_wconf 87' lang='lat' dir='ltr'>quae</span> <span class='ocrx_word' id='word_1_249' title='bbox 222 1933 322 1966; x_wconf 88' lang='lat' dir='ltr'>nulli</span> <span class='ocrx_word' id='word_1_250' title='bbox 360 1934 545 1968; x_wconf 87' lang='lat' dir='ltr'>villarum</span> <span class='ocrx_word' id='word_1_251' title='bbox 590 1946 764 1969; x_wconf 84' lang='lat' dir='ltr'>mearum</span> <span class='ocrx_word' id='word_1_252' title='bbox 810 1938 930 1979; x_wconf 83' lang='lat' dir='ltr'>cedat,</span> <span class='ocrx_word' id='word_1_253' title='bbox 975 1944 1011 1973; x_wconf 90' lang='lat' dir='ltr'>et</span> <span class='ocrx_word' id='word_1_254' title='bbox 1056 1939 1175 1972; x_wconf 85' lang='lat' dir='ltr'>otium</span> <span class='ocrx_word' id='word_1_255' title='bbox 1217 1940 1319 1973; x_wconf 86' lang='lat' dir='ltr'>omni</span> <span class='ocrx_word' id='word_1_256' title='bbox 1366 1941 1544 1975; x_wconf 78' lang='lat' dir='ltr'>desertis-</span> 
     </span>
     <span class='ocr_line' id='line_1_32' title="bbox 83 1982 1541 2030; baseline 0.005 -16"><span class='ocrx_word' id='word_1_257' title='bbox 83 1982 173 2014; x_wconf 83' lang='lat' dir='ltr'>sima</span> <span class='ocrx_word' id='word_1_258' title='bbox 215 1982 372 2029; x_wconf 78' lang='lat' dir='ltr'>regione</span> <span class='ocrx_word' id='word_1_259' title='bbox 417 1983 536 2016; x_wconf 85' lang='lat' dir='ltr'>maius</span> <span class='ocrx_word' id='word_1_260' title='bbox 573 1986 643 2025; x_wconf 75' lang='grc' dir='ltr'>(Ξ.</span> <span class='ocrx_word' id='word_1_261' title='bbox 677 1984 798 2017; x_wconf 80' lang='lat' dir='ltr'>maius</span> <span class='ocrx_word' id='word_1_262' title='bbox 835 1997 900 2026; x_wconf 82' lang='lat' dir='ltr'>eo,</span> <span class='ocrx_word' id='word_1_263' title='bbox 952 1997 1025 2030; x_wconf 87' lang='lat' dir='ltr'>quo</span> <span class='ocrx_word' id='word_1_264' title='bbox 1071 1987 1122 2020; x_wconf 90' lang='lat' dir='ltr'>ibi</span> <span class='ocrx_word' id='word_1_265' title='bbox 1159 1986 1337 2021; x_wconf 82' lang='lat' dir='ltr'>fruimur.</span> <span class='ocrx_word' id='word_1_266' title='bbox 1387 1988 1541 2023; x_wconf 86' lang='lat' dir='ltr'>Ramsh.</span> 
     </span>
     <span class='ocr_line' id='line_1_33' title="bbox 16 2030 1543 2074; baseline 0.006 -13"><span class='ocrx_word' id='word_1_267' title='bbox 16 2065 17 2068; x_wconf 14' lang='grc' dir='ltr'><strong>Ἰ</strong></span> <span class='ocrx_word' id='word_1_268' title='bbox 82 2030 110 2072; x_wconf 86' lang='lat'>§.</span> <span class='ocrx_word' id='word_1_269' title='bbox 136 2032 218 2071; x_wconf 84' lang='lat'>203,</span> <span class='ocrx_word' id='word_1_270' title='bbox 246 2032 296 2069; x_wconf 65' lang='lat' dir='ltr'>ll.)</span> <span class='ocrx_word' id='word_1_271' title='bbox 323 2030 421 2064; x_wconf 88' lang='lat' dir='ltr'><strong>SCH.</strong></span> <span class='ocrx_word' id='word_1_272' title='bbox 448 2050 493 2056; x_wconf 90' lang='lat'><strong>—</strong></span> <span class='ocrx_word' id='word_1_273' title='bbox 528 2033 844 2074; x_wconf 76' lang='lat' dir='ltr'>literae...meae,</span> <span class='ocrx_word' id='word_1_274' title='bbox 878 2033 1006 2068; x_wconf 83' lang='lat' dir='ltr'>meine</span> <span class='ocrx_word' id='word_1_275' title='bbox 1033 2034 1305 2069; x_wconf 84' lang='lat' dir='ltr'>literarischen</span> <span class='ocrx_word' id='word_1_276' title='bbox 1331 2034 1543 2070; x_wconf 62' lang='lat' dir='ltr'>Beschafti-</span> 
     </span>
     <span class='ocr_line' id='line_1_34' title="bbox 17 2076 1539 2131; baseline 0.008 -23"><span class='ocrx_word' id='word_1_277' title='bbox 17 2076 51 2098; x_wconf 54' lang='lat'>9³</span> <span class='ocrx_word' id='word_1_278' title='bbox 81 2089 252 2122; x_wconf 61' lang='lat' dir='ltr'>gungen.</span> <span class='ocrx_word' id='word_1_279' title='bbox 279 2095 324 2102; x_wconf 89' lang='lat'>-—</span> <span class='ocrx_word' id='word_1_280' title='bbox 349 2090 482 2118; x_wconf 71' lang='lat' dir='ltr'>versor,</span> <span class='ocrx_word' id='word_1_281' title='bbox 510 2078 592 2113; x_wconf 82' lang='lat' dir='ltr'>lebe</span> <span class='ocrx_word' id='word_1_282' title='bbox 619 2091 653 2112; x_wconf 79' lang='grc' dir='ltr'>υ.</span> <span class='ocrx_word' id='word_1_283' title='bbox 682 2081 798 2115; x_wconf 84' lang='lat' dir='ltr'>webe.</span> <span class='ocrx_word' id='word_1_284' title='bbox 830 2100 867 2106; x_wconf 86' lang='lat'>——</span> <span class='ocrx_word' id='word_1_285' title='bbox 896 2083 1024 2127; x_wconf 74' lang='lat' dir='ltr'>Lepta,</span> <span class='ocrx_word' id='word_1_286' title='bbox 1051 2083 1154 2116; x_wconf 86' lang='lat' dir='ltr'>filius</span> <span class='ocrx_word' id='word_1_287' title='bbox 1173 2089 1269 2118; x_wconf 91' lang='lat' dir='ltr'>tuus.</span> <span class='ocrx_word' id='word_1_288' title='bbox 1293 2102 1332 2109; x_wconf 92' lang='lat'><strong>—</strong></span> <span class='ocrx_word' id='word_1_289' title='bbox 1361 2084 1539 2131; x_wconf 77' lang='grc' dir='ltr'><em>ἱδρῶτα.</em></span> 
     </span>
     <span class='ocr_line' id='line_1_35' title="bbox 81 2124 1543 2180; baseline 0.009 -24"><span class='ocrx_word' id='word_1_290' title='bbox 81 2124 275 2172; x_wconf 78' lang='lat' dir='ltr'>Intelligit</span> <span class='ocrx_word' id='word_1_291' title='bbox 301 2124 557 2160; x_wconf 83' lang='lat' dir='ltr'>nobilissimos</span> <span class='ocrx_word' id='word_1_292' title='bbox 584 2127 737 2161; x_wconf 83' lang='lat' dir='ltr'>Hesiodi</span> <span class='ocrx_word' id='word_1_293' title='bbox 766 2139 895 2162; x_wconf 84' lang='lat' dir='ltr'>versus</span> <span class='ocrx_word' id='word_1_294' title='bbox 919 2130 1019 2176; x_wconf 50' lang='grc' dir='ltr'>’Ἔργα</span> <span class='ocrx_word' id='word_1_295' title='bbox 1046 2133 1118 2166; x_wconf 85' lang='grc'>289</span> <span class='ocrx_word' id='word_1_296' title='bbox 1143 2141 1223 2176; x_wconf 84' lang='lat' dir='ltr'>sqq.</span> <span class='ocrx_word' id='word_1_297' title='bbox 1265 2133 1332 2175; x_wconf 72' lang='grc' dir='ltr'>Τῆς</span> <span class='ocrx_word' id='word_1_298' title='bbox 1357 2130 1389 2166; x_wconf 79' lang='grc' dir='ltr'>δ’</span> <span class='ocrx_word' id='word_1_299' title='bbox 1414 2132 1543 2180; x_wconf 77' lang='grc' dir='ltr'><em>ἀρετῆς</em></span> 
     </span>
     <span class='ocr_line' id='line_1_36' title="bbox 38 2172 1147 2221; baseline 0.005 -14"><span class='ocrx_word' id='word_1_300' title='bbox 38 2172 211 2217; x_wconf 75' lang='grc' dir='ltr'><em>ἱδρῶτα</em></span> <span class='ocrx_word' id='word_1_301' title='bbox 236 2175 317 2207; x_wconf 79' lang='grc' dir='ltr'><strong><em>θεοὶ</em></strong></span> <span class='ocrx_word' id='word_1_302' title='bbox 343 2173 591 2221; x_wconf 64' lang='grc' dir='ltr'>προπάροιθεν</span> <span class='ocrx_word' id='word_1_303' title='bbox 617 2177 756 2218; x_wconf 69' lang='grc' dir='ltr'><em>ἔθηκαν</em></span> <span class='ocrx_word' id='word_1_304' title='bbox 781 2173 971 2213; x_wconf 77' lang='grc' dir='ltr'>Ἀθάνατοι</span> <span class='ocrx_word' id='word_1_305' title='bbox 998 2192 1028 2213; x_wconf 82' lang='grc' dir='ltr'>κ.</span> <span class='ocrx_word' id='word_1_306' title='bbox 1058 2193 1086 2213; x_wconf 81' lang='grc' dir='ltr'>τ.</span> <span class='ocrx_word' id='word_1_307' title='bbox 1115 2182 1147 2214; x_wconf 79' lang='grc' dir='ltr'>λ.</span> 
     </span>
    </p>
   </div>
   <div class='ocr_carea' id='block_1_10' title="bbox 225 2244 1018 2292">
    <p class='ocr_par' dir='ltr' id='par_1_11' title="bbox 225 2244 1018 2292">
     <span class='ocr_line' id='line_1_37' title="bbox 225 2244 1018 2292; baseline 0.01 -15"><span class='ocrx_word' id='word_1_308' title='bbox 225 2245 262 2277; x_wconf 84' lang='lat' dir='ltr'>C.</span> <span class='ocrx_word' id='word_1_309' title='bbox 292 2244 470 2281; x_wconf 83' lang='lat' dir='ltr'><strong><em>CASSIO.</em></strong></span> <span class='ocrx_word' id='word_1_310' title='bbox 508 2244 542 2279; x_wconf 88' lang='lat' dir='ltr'>S.</span> <span class='ocrx_word' id='word_1_311' title='bbox 570 2259 617 2279; x_wconf 87' lang='lat' dir='ltr'>zu</span> <span class='ocrx_word' id='word_1_312' title='bbox 646 2259 702 2292; x_wconf 90' lang='lat' dir='ltr'>ep.</span> <span class='ocrx_word' id='word_1_313' title='bbox 732 2248 830 2281; x_wconf 83' lang='lat' dir='ltr'>DXX</span> <span class='ocrx_word' id='word_1_314' title='bbox 854 2249 906 2282; x_wconf 87' lang='lat' dir='ltr'>im</span> <span class='ocrx_word' id='word_1_315' title='bbox 933 2250 1018 2285; x_wconf 85' lang='lat' dir='ltr'>Anf.</span> 
     </span>
    </p>
   </div>
   <div class='ocr_carea' id='block_1_11' title="bbox 9 2305 1540 2736">
    <p class='ocr_par' dir='ltr' id='par_1_12' title="bbox 9 2305 1540 2736">
     <span class='ocr_line' id='line_1_38' title="bbox 175 2305 1539 2356; baseline 0.006 -18"><span class='ocrx_word' id='word_1_316' title='bbox 175 2305 205 2338; x_wconf 88' lang='lat'>1.</span> <span class='ocrx_word' id='word_1_317' title='bbox 258 2309 538 2350; x_wconf 77' lang='lat' dir='ltr'>ante...qaam.</span> <span class='ocrx_word' id='word_1_318' title='bbox 585 2306 740 2342; x_wconf 84' lang='lat' dir='ltr'>Tmesis.</span> <span class='ocrx_word' id='word_1_319' title='bbox 780 2320 815 2342; x_wconf 77' lang='grc' dir='ltr'>ν.</span> <span class='ocrx_word' id='word_1_320' title='bbox 851 2313 885 2343; x_wconf 77' lang='lat' dir='ltr'>te</span> <span class='ocrx_word' id='word_1_321' title='bbox 925 2321 969 2344; x_wconf 84' lang='lat' dir='ltr'>ex</span> <span class='ocrx_word' id='word_1_322' title='bbox 1003 2308 1124 2355; x_wconf 86' lang='lat' dir='ltr'>suppl.</span> <span class='ocrx_word' id='word_1_323' title='bbox 1170 2322 1258 2344; x_wconf 89' lang='lat' dir='ltr'>cum</span> <span class='ocrx_word' id='word_1_324' title='bbox 1296 2310 1539 2356; x_wconf 78' lang='lat' dir='ltr'>VVopkensio</span> 
     </span>
     <span class='ocr_line' id='line_1_39' title="bbox 78 2351 1539 2393; baseline 0.008 -11"><span class='ocrx_word' id='word_1_325' title='bbox 78 2360 115 2392; x_wconf 87' lang='lat' dir='ltr'>p.</span> <span class='ocrx_word' id='word_1_326' title='bbox 148 2351 204 2385; x_wconf 87' lang='grc'>26.</span> <span class='ocrx_word' id='word_1_327' title='bbox 244 2352 355 2384; x_wconf 77' lang='lat' dir='ltr'>Hand</span> <span class='ocrx_word' id='word_1_328' title='bbox 387 2352 464 2385; x_wconf 83' lang='lat' dir='ltr'>huc</span> <span class='ocrx_word' id='word_1_329' title='bbox 498 2353 698 2387; x_wconf 80' lang='lat' dir='ltr'>collocavi.</span> <span class='ocrx_word' id='word_1_330' title='bbox 751 2356 900 2390; x_wconf 87' lang='lat' dir='ltr'>Ponunt</span> <span class='ocrx_word' id='word_1_331' title='bbox 936 2363 1020 2391; x_wconf 74' lang='lat' dir='ltr'>anie</span> <span class='ocrx_word' id='word_1_332' title='bbox 1060 2371 1094 2392; x_wconf 89' lang='lat' dir='ltr'>v.</span> <span class='ocrx_word' id='word_1_333' title='bbox 1129 2363 1240 2392; x_wconf 81' lang='lat' dir='ltr'>tertia</span> <span class='ocrx_word' id='word_1_334' title='bbox 1274 2360 1372 2393; x_wconf 85' lang='lat' dir='ltr'>Crat.</span> <span class='ocrx_word' id='word_1_335' title='bbox 1410 2361 1539 2393; x_wconf 68' lang='lat' dir='ltr'>hamb.</span> 
     </span>
     <span class='ocr_line' id='line_1_40' title="bbox 80 2397 1540 2444; baseline 0.009 -15"><span class='ocrx_word' id='word_1_336' title='bbox 80 2397 218 2431; x_wconf 85' lang='lat' dir='ltr'>Graev.</span> <span class='ocrx_word' id='word_1_337' title='bbox 256 2398 340 2433; x_wconf 87' lang='lat' dir='ltr'>Sch.</span> <span class='ocrx_word' id='word_1_338' title='bbox 370 2400 462 2433; x_wconf 83' lang='lat' dir='ltr'>Liin.</span> <span class='ocrx_word' id='word_1_339' title='bbox 500 2401 612 2435; x_wconf 90' lang='lat' dir='ltr'>Abest</span> <span class='ocrx_word' id='word_1_340' title='bbox 639 2413 658 2434; x_wconf 85' lang='lat' dir='ltr'>a</span> <span class='ocrx_word' id='word_1_341' title='bbox 685 2403 757 2435; x_wconf 80' lang='lat' dir='ltr'>Md.</span> <span class='ocrx_word' id='word_1_342' title='bbox 785 2403 865 2438; x_wconf 86' lang='lat' dir='ltr'>Bas.</span> <span class='ocrx_word' id='word_1_343' title='bbox 898 2406 998 2439; x_wconf 82' lang='lat' dir='ltr'>Vict.</span> <span class='ocrx_word' id='word_1_344' title='bbox 1030 2410 1059 2440; x_wconf 83' lang='lat'>1.</span> <span class='ocrx_word' id='word_1_345' title='bbox 1087 2408 1121 2441; x_wconf 88' lang='grc'>2.</span> <span class='ocrx_word' id='word_1_346' title='bbox 1158 2406 1252 2440; x_wconf 85' lang='lat' dir='ltr'>Ern.</span> <span class='ocrx_word' id='word_1_347' title='bbox 1288 2405 1425 2444; x_wconf 76' lang='lat' dir='ltr'>Bened.</span> <span class='ocrx_word' id='word_1_348' title='bbox 1464 2409 1540 2442; x_wconf 81' lang='grc' dir='ltr'>ΟΒ.</span> 
     </span>
     <span class='ocr_line' id='line_1_41' title="bbox 52 2447 1540 2499; baseline 0.009 -23"><span class='ocrx_word' id='word_1_349' title='bbox 52 2488 55 2491; x_wconf 18' lang='lat' dir='ltr'>y</span> <span class='ocrx_word' id='word_1_350' title='bbox 77 2463 123 2469; x_wconf 91' lang='lat'>-—</span> <span class='ocrx_word' id='word_1_351' title='bbox 151 2458 324 2490; x_wconf 59' lang='lat' dir='ltr'>oppress„</span> <span class='ocrx_word' id='word_1_352' title='bbox 351 2447 586 2481; x_wconf 80' lang='lat' dir='ltr'>iiberrascht.</span> <span class='ocrx_word' id='word_1_353' title='bbox 614 2467 659 2473; x_wconf 90' lang='lat'>-—</span> <span class='ocrx_word' id='word_1_354' title='bbox 687 2452 835 2484; x_wconf 76' lang='lat' dir='ltr'>literam</span> <span class='ocrx_word' id='word_1_355' title='bbox 861 2452 906 2485; x_wconf 89' lang='lat' dir='ltr'>ad</span> <span class='ocrx_word' id='word_1_356' title='bbox 934 2466 995 2487; x_wconf 83' lang='lat' dir='ltr'>me</span> <span class='ocrx_word' id='word_1_357' title='bbox 1022 2452 1183 2489; x_wconf 78' lang='lat' dir='ltr'>miseris.</span> <span class='ocrx_word' id='word_1_358' title='bbox 1211 2474 1256 2479; x_wconf 91' lang='lat'>—</span> <span class='ocrx_word' id='word_1_359' title='bbox 1286 2468 1394 2499; x_wconf 73' lang='lat' dir='ltr'>urgeo</span> <span class='ocrx_word' id='word_1_360' title='bbox 1420 2461 1468 2489; x_wconf 85' lang='lat' dir='ltr'>te.</span> <span class='ocrx_word' id='word_1_361' title='bbox 1492 2474 1540 2482; x_wconf 85' lang='lat'>—-</span> 
     </span>
     <span class='ocr_line' id='line_1_42' title="bbox 76 2495 1537 2538; baseline 0.01 -14"><span class='ocrx_word' id='word_1_362' title='bbox 76 2511 122 2516; x_wconf 97' lang='lat'><strong>—</strong></span> <span class='ocrx_word' id='word_1_363' title='bbox 149 2495 331 2538; x_wconf 78' lang='lat' dir='ltr'>longior-es</span> <span class='ocrx_word' id='word_1_364' title='bbox 358 2495 545 2538; x_wconf 82' lang='lat' dir='ltr'>epistolas.</span> <span class='ocrx_word' id='word_1_365' title='bbox 579 2515 616 2522; x_wconf 85' lang='lat'>—</span> <span class='ocrx_word' id='word_1_366' title='bbox 645 2498 809 2532; x_wconf 74' lang='lat' dir='ltr'>haberem</span> <span class='ocrx_word' id='word_1_367' title='bbox 835 2500 1090 2535; x_wconf 78' lang='lat' dir='ltr'>tabellarium.</span> <span class='ocrx_word' id='word_1_368' title='bbox 1113 2522 1155 2526; x_wconf 96' lang='lat'><strong>—</strong></span> <span class='ocrx_word' id='word_1_369' title='bbox 1182 2501 1305 2536; x_wconf 75' lang='lat' dir='ltr'>dar-em</span> <span class='ocrx_word' id='word_1_370' title='bbox 1331 2503 1474 2538; x_wconf 86' lang='lat' dir='ltr'>literas.</span> <span class='ocrx_word' id='word_1_371' title='bbox 1495 2522 1537 2529; x_wconf 84' lang='lat'>--</span> 
     </span>
     <span class='ocr_line' id='line_1_43' title="bbox 9 2539 1537 2594; baseline 0.007 -21"><span class='ocrx_word' id='word_1_372' title='bbox 9 2543 13 2548; x_wconf 87' lang='grc'>’</span> <span class='ocrx_word' id='word_1_373' title='bbox 78 2540 171 2574; x_wconf 79' lang='grc' dir='ltr'>κατ’</span> <span class='ocrx_word' id='word_1_374' title='bbox 209 2539 408 2575; x_wconf 74' lang='grc' dir='ltr'>εἰδώλων</span> <span class='ocrx_word' id='word_1_375' title='bbox 442 2547 720 2586; x_wconf 78' lang='grc' dir='ltr'><em>φαντασίας,</em></span> <span class='ocrx_word' id='word_1_376' title='bbox 765 2558 836 2590; x_wconf 83' lang='lat' dir='ltr'>per</span> <span class='ocrx_word' id='word_1_377' title='bbox 878 2548 1091 2594; x_wconf 74' lang='lat' dir='ltr'>imaginum</span> <span class='ocrx_word' id='word_1_378' title='bbox 1127 2548 1409 2594; x_wconf 81' lang='lat' dir='ltr'>apparitiones,</span> <span class='ocrx_word' id='word_1_379' title='bbox 1445 2551 1537 2585; x_wconf 86' lang='lat' dir='ltr'>visa.</span> 
     </span>
     <span class='ocr_line' id='line_1_44' title="bbox 30 2586 1538 2642; baseline 0.009 -24"><span class='ocrx_word' id='word_1_380' title='bbox 30 2586 51 2625; x_wconf 68' lang='lat' dir='ltr'>‘fs</span> <span class='ocrx_word' id='word_1_381' title='bbox 77 2588 146 2621; x_wconf 89' lang='lat' dir='ltr'>Die</span> <span class='ocrx_word' id='word_1_382' title='bbox 184 2588 404 2632; x_wconf 85' lang='lat' dir='ltr'>Epikurer‚</span> <span class='ocrx_word' id='word_1_383' title='bbox 442 2590 594 2624; x_wconf 83' lang='lat' dir='ltr'>welche</span> <span class='ocrx_word' id='word_1_384' title='bbox 627 2592 711 2625; x_wconf 72' lang='lat' dir='ltr'>sich</span> <span class='ocrx_word' id='word_1_385' title='bbox 753 2595 813 2627; x_wconf 89' lang='lat' dir='ltr'>die</span> <span class='ocrx_word' id='word_1_386' title='bbox 853 2597 1122 2630; x_wconf 82' lang='lat' dir='ltr'>menschliche</span> <span class='ocrx_word' id='word_1_387' title='bbox 1159 2597 1268 2632; x_wconf 88' lang='lat' dir='ltr'>Seele</span> <span class='ocrx_word' id='word_1_388' title='bbox 1305 2598 1538 2642; x_wconf 81' lang='lat' dir='ltr'>k‘orperlich</span> 
     </span>
     <span class='ocr_line' id='line_1_45' title="bbox 10 2635 1537 2691; baseline 0.009 -25"><span class='ocrx_word' id='word_1_389' title='bbox 10 2645 14 2678; x_wconf 59' lang='grc' dir='ltr'><strong>ς</strong></span> <span class='ocrx_word' id='word_1_390' title='bbox 76 2635 251 2677; x_wconf 76' lang='lat' dir='ltr'>dachten,</span> <span class='ocrx_word' id='word_1_391' title='bbox 280 2636 459 2678; x_wconf 84' lang='lat' dir='ltr'>nahmen,</span> <span class='ocrx_word' id='word_1_392' title='bbox 494 2650 556 2670; x_wconf 83' lang='lat' dir='ltr'>um</span> <span class='ocrx_word' id='word_1_393' title='bbox 585 2638 667 2672; x_wconf 83' lang='lat' dir='ltr'>sich</span> <span class='ocrx_word' id='word_1_394' title='bbox 695 2640 754 2675; x_wconf 75' lang='lat' dir='ltr'>die</span> <span class='ocrx_word' id='word_1_395' title='bbox 781 2641 1106 2691; x_wconf 71' lang='lat' dir='ltr'>Erscheinungen</span> <span class='ocrx_word' id='word_1_396' title='bbox 1133 2644 1242 2677; x_wconf 79' lang='lat' dir='ltr'>darin</span> <span class='ocrx_word' id='word_1_397' title='bbox 1269 2657 1316 2678; x_wconf 86' lang='lat' dir='ltr'>zu</span> <span class='ocrx_word' id='word_1_398' title='bbox 1344 2646 1537 2687; x_wconf 77' lang='lat' dir='ltr'>erkl&#39;ziren‚</span> 
     </span>
     <span class='ocr_line' id='line_1_46' title="bbox 12 2683 1538 2736; baseline 0.009 -22"><span class='ocrx_word' id='word_1_399' title='bbox 12 2689 32 2718; x_wconf 61' lang='lat' dir='ltr'>,ff</span> <span class='ocrx_word' id='word_1_400' title='bbox 74 2683 282 2716; x_wconf 77' lang='lat' dir='ltr'>sonderbar</span> <span class='ocrx_word' id='word_1_401' title='bbox 307 2695 436 2732; x_wconf 82' lang='lat' dir='ltr'>genug</span> <span class='ocrx_word' id='word_1_402' title='bbox 462 2696 523 2725; x_wconf 87' lang='lat' dir='ltr'>an,</span> <span class='ocrx_word' id='word_1_403' title='bbox 551 2685 644 2728; x_wconf 78' lang='lat' dir='ltr'>dass,</span> <span class='ocrx_word' id='word_1_404' title='bbox 672 2699 787 2722; x_wconf 84' lang='lat' dir='ltr'>wenn</span> <span class='ocrx_word' id='word_1_405' title='bbox 814 2690 970 2725; x_wconf 76' lang='lat' dir='ltr'>Iemantl</span> <span class='ocrx_word' id='word_1_406' title='bbox 997 2684 1080 2726; x_wconf 72' lang='lat' dir='ltr'>sich</span> <span class='ocrx_word' id='word_1_407' title='bbox 1106 2693 1235 2727; x_wconf 86' lang='lat' dir='ltr'>Etwas</span> <span class='ocrx_word' id='word_1_408' title='bbox 1263 2691 1411 2736; x_wconf 73' lang='lat' dir='ltr'>d‘zichte,</span> <span class='ocrx_word' id='word_1_409' title='bbox 1438 2694 1538 2729; x_wconf 87' lang='lat' dir='ltr'>diess</span> 
     </span>
    </p>
   </div>
   <div class='ocr_carea' id='block_1_12' title="bbox 46 2753 1264 2792">
    <p class='ocr_par' dir='ltr' id='par_1_13' title="bbox 46 2753 1264 2792">
     <span class='ocr_line' id='line_1_47' title="bbox 46 2753 1264 2792; baseline 0.002 -4"><span class='ocrx_word' id='word_1_410' title='bbox 46 2754 56 2760; x_wconf 65' lang='grc'><strong>“</strong></span> <span class='ocrx_word' id='word_1_411' title='bbox 118 2753 335 2789; x_wconf 85' lang='lat' dir='ltr'>Cic.Briefe</span> <span class='ocrx_word' id='word_1_412' title='bbox 350 2755 555 2789; x_wconf 85' lang='lat' dir='ltr'>v.Billerb.</span> <span class='ocrx_word' id='word_1_413' title='bbox 586 2758 655 2790; x_wconf 89' lang='grc' dir='ltr'><strong>ΙΙΙ.</strong></span> <span class='ocrx_word' id='word_1_414' title='bbox 1213 2753 1264 2792; x_wconf 86' lang='grc'>15</span> 
     </span>
    </p>
   </div>
   <div class='ocr_carea' id='block_1_13' title="bbox 0 40 76 2800">
    <p class='ocr_par' dir='ltr' id='par_1_14' title="bbox 0 40 76 2800">
     <span class='ocr_line' id='line_1_48' title="bbox 0 40 76 2657; baseline 0 -98"><span class='ocrx_word' id='word_1_415' title='bbox 0 40 76 2657; x_wconf 95' lang='lat' dir='ltr'>    </span> 
     </span>
     <span class='ocr_line' id='line_1_49' title="bbox 0 2657 76 2800; baseline 0 0"><span class='ocrx_word' id='word_1_416' title='bbox 0 2657 76 2800; x_wconf 95' lang='lat' dir='ltr'>   </span> 
     </span>
    </p>
   </div>
  </div>
 </body>
</html>
