1795 3081
372 46 692 99 EPISTOLA
727 46 1202 97 CCCCLXXXVIII.
1428 50 1523 98 183

17 166 19 168 ¹
68 179 119 214 ut
148 184 204 212 ne
233 177 283 212 tu
312 170 491 226 quidem
520 167 692 210 mederi
724 177 896 222 posses3
927 168 1161 221 explorata
1189 180 1298 210 vero
1330 168 1428 208 eius
1457 168 1524 208 in-

67 228 347 277 columitate,
399 224 430 276 ’Ξ-
464 226 619 265 omnia
664 238 689 264 a
738 230 784 264 te
836 222 986 263 studia
1034 238 1206 264 summa
1247 237 1358 264 cura
1403 229 1522 276 peto.

15 300 17 304 ’
67 284 194 336 Quae
236 295 292 322 ne
333 281 514 336 singula
555 291 830 329 enumerem,
868 285 1012 318 totam
1052 279 1141 318 tibi
1183 278 1365 319 domum
1405 291 1525 318 com-

67 335 260 386 mend03
293 338 342 377 in
371 337 440 376 his
469 333 799 375 adolescentem
829 333 975 372 filium
1006 334 1118 383 eius,
1151 348 1280 386 quem
1312 333 1358 373 C.
1380 333 1524 373 Mem-

16 431 17 441 ἶ
67 395 185 433 mius
216 391 456 438 Gemellus,
485 391 623 431 cliens
653 401 793 440 meus,
838 402 977 440 quum
1016 390 1063 426 in
1094 389 1344 429 calamitate
1375 389 1525 428 exsilii

16 448 17 458 ¹
68 450 142 487 sui
193 448 423 488 Patrensis
472 446 586 486 civis
631 447 776 485 factus
825 449 965 492 esset,
1014 442 1298 483 Patrensium
1347 441 1524 499 legibus

15 497 18 541 ἶ
67 503 330 556 adoptavit3
375 508 427 541 ut
481 502 576 540 eius
628 502 774 553 ipsius
820 496 1086 538 hereditatis
1135 499 1207 538 ius
1257 511 1524 552 causamque

14 554 17 601 Ξ
66 563 239 597 tueare.
296 558 441 608 Caput
468 555 584 596 illud
615 563 697 605 est,
725 560 776 594 ut
803 554 1046 606 Lysonem,
1089 566 1221 607 quem
1258 566 1338 608 ego
1369 548 1565 593 virum3

14 618 17 653 :3
68 615 287 666 optimum
324 613 716 666 gratissimumque
754 609 960 664 cognovi,
1004 609 1202 661 recipias
1242 609 1291 647 in
1334 610 1525 648 necessi-

15 706 17 710 .
66 667 273 709 tudinem
301 671 441 707 tuam.
490 666 622 719 Quod
651 668 691 705 si
722 667 897 714 feceris,
931 677 1019 703 non
1051 663 1225 713 dubito,
1256 663 1364 716 quin
1393 664 1440 702 in
1470 676 1523 703 eo

65 721 299 778 diligendo
339 723 593 773 ceterisque
637 727 794 772 postea
835 718 1182 759 commendando
1224 717 1358 769 idem,
1403 717 1557 772 quod*

14 779 17 796 ²
67 790 163 832 ego,
205 778 268 817 sis
312 775 475 816 iudicii
518 784 565 817 et
601 775 851 817 voluntatis
893 774 1149 821 habiturus,
1214 772 1347 826 Quod
1388 787 1524 827 quum

64 832 167 871 fieri
195 833 488 873 vehementer
518 831 692 882 studeo,
721 839 817 872 tum
848 833 986 872 etiam
1014 827 1128 872 illud
1155 842 1330 879 vereor,
1371 842 1439 874 ne,
1483 830 1523 867 si

64 889 214 928 minus
245 887 473 927 cumulate
502 887 713 928 videbere
743 887 906 926 fecisse
937 885 1107 938 aliquid
1136 886 1234 924 eius
1265 897 1414 934 causa,
1452 895 1523 922 me

12 948 16 961 ⁷
64 943 145 983 ille
176 944 456 998 negligenter
495 944 731 996 scripsisse
773 948 917 993 putet,
960 953 1049 979 non
1093 946 1137 979 te
1183 939 1375 978 oblitum
1419 939 1522 977 mei.

65 999 235 1051 Quanti
265 999 386 1037 enim
415 1011 485 1037 me
515 999 704 1047 faceres,
735 1010 874 1051 quum
905 1009 959 1035 ex
991 995 1278 1034 sermonibus
1297 993 1524 1046 quotidia-

64 1054 131 1094 nis
161 1053 286 1105 meis,
317 1058 413 1093 tum
444 1065 498 1093 ex
528 1052 732 1107 epistolis
772 1054 910 1092 etiam
939 1053 1031 1092 tuis
1062 1051 1210 1103 potuit
1238 1060 1524 1105 cognoscere.

61 1212 380 1271 EPISTOLA
414 1212 911 1267 ccchXXXVm.
979 1211 1062 1274 (ad
1095 1210 1208 1261 niv.
1242 1210 1378 1260 xm.
1417 1212 1522 1271 20.)

12 1294 13 1300 ’
375 1302 458 1338 scr.
484 1303 624 1337 Romae
649 1303 693 1337 A.
718 1304 764 1338 U.
793 1302 832 1338 e.
858 1304 938 1338 708.
973 1303 1023 1343 (a.
1051 1301 1092 1335 c.
1119 1300 1198 1345 46.)

416 1374 669 1419 Asclaponem
693 1374 885 1409 medicum
911 1372 1165 1407 commendat.

553 1457 730 1492 CICERO
767 1457 944 1492 SERVIO
982 1457 1019 1492 S.

169 1530 433 1583 Asclapone,
478 1530 686 1571 Patrensi
723 1531 911 1580 medico,
942 1538 1050 1573 utor
1079 1530 1373 1570 familiariter
1403 1530 1517 1570 eius-

61 1598 147 1640 que
177 1599 314 1639 quum
334 1585 618 1626 consuetudo
642 1586 754 1626 mihi
773 1585 971 1626 iucunda
1001 1587 1104 1631 fuit,
1132 1592 1229 1626 tum
1259 1599 1333 1626 ars
1365 1587 1517 1630 etiam,

9 1689 15 1723 0'
60 1704 130 1733 ret.
163 1717 210 1724 —
245 1699 269 1741 †
295 1701 418 1733 omnia
443 1714 465 1733 α
490 1706 524 1734 te
548 1702 672 1734 studia
696 1712 835 1735 summa
862 1713 950 1733 cura
974 1705 1072 1745 peto.
1101 1699 1163 1733 Sic
1189 1699 1259 1735 Md.
1287 1699 1387 1734 Crat.
1415 1700 1514 1733 vict.

61 1750 92 1781 1.
119 1748 151 1781 2.
188 1746 315 1780 Lamb.
350 1747 489 1781 Graev.
525 1749 620 1783 ΕΓΗ.
656 1747 792 1783 Bened.
829 1750 954 1782 studio
987 1760 1126 1782 summo
1158 1761 1247 1782 cura
1280 1748 1361 1784 Bas.
1395 1751 1515 1783 studio

59 1807 200 1829 summo
226 1807 380 1840 curaque
412 1797 528 1843 Neap.
556 1798 640 1830 Asc.
669 1801 702 1831 1.
740 1810 763 1830 α
796 1802 831 1830 tc
855 1809 994 1831 summo
1027 1797 1149 1830 studio
1182 1808 1389 1843 summaque
1427 1810 1514 1830 cura

62 1844 145 1878 Asc.
171 1854 229 1889 pr.
257 1844 362 1886 prob.
389 1843 527 1878 Bened.
554 1844 640 1879 Sch.
668 1846 767 1880 Liin.
793 1845 885 1891 Leg.
913 1844 1092 1878 videtur:
1130 1848 1254 1878 omnia
1287 1847 1387 1878 omni
1419 1858 1442 1878 α
1480 1851 1514 1879 te

60 1892 178 1926 studio
215 1903 422 1937 summaque
469 1906 556 1926 curci
586 1899 681 1938 peto·
723 1894 913 1930 ORELLI,
951 1905 1093 1926 summa
1139 1905 1227 1926 curci
1265 1892 1456 1936 quomodo
1494 1905 1515 1926 a

59 1951 197 1974 summo
221 1941 341 1973 studio
366 1939 529 1982 differat,
555 1941 793 1988 intelligitur
819 1952 864 1974 cx
888 1940 960 1982 his,
986 1942 1081 1984 qu‘ac
1108 1945 1334 1984 sequuntur,
1359 1940 1512 1974 Cicero-

62 1989 121 2020 nis
156 1986 301 2019 verbis:
348 1988 443 2034 quod
475 2002 582 2034 quum
611 1990 701 2033 fieri
733 1990 951 2023 vehementer·
980 1990 1119 2029 studeo,
1164 1994 1242 2022 tum
1277 1992 1389 2023 etiam
1421 1989 1518 2022 illud

15 2048 16 2055 ¹
61 2047 194 2070 vereor.
239 2035 339 2071 SCH.
383 2054 428 2061 —
471 2038 505 2070 C.
537 2039 725 2072 Memmius
763 2039 948 2079 Gemellus,
981 2037 1083 2070 idem
1118 2038 1258 2078 forsan,
1307 2037 1353 2069 ad
1397 2046 1510 2080 quem

15 2080 16 2083 ¹
61 2089 117 2117 cst
152 2094 209 2126 op.
237 2086 316 2118 197.
353 2102 398 2108 —
433 2084 531 2117 Patr.
566 2088 716 2131 legibus,
749 2086 848 2119 nach
882 2085 954 2118 den
981 2085 1152 2120 Statuten
1188 2095 1265 2118 von
1299 2085 1439 2118 Patrae.
1465 2101 1511 2109 -

61 2131 378 2173 ut..tu‹·a1=e‚dass
397 2133 455 2165 Du
481 2132 551 2165 ihu
578 2134 637 2167 bei
661 2136 804 2168 seinem
833 2133 1003 2166 dadurch
1031 2133 1258 2166 erhaltenen
1274 2131 1512 2166 Erbschal'ts-

60 2177 190 2214 rechtc
214 2179 267 2211 im
295 2179 400 2213 Faue
426 2180 528 2214 eines
554 2182 744 2216 Processes
770 2182 953 2215 schiitzen
982 2181 1059 2213 und
1085 2180 1279 2214 schirmen
1305 2180 1467 2214 wollest.

153 2241 185 2272 3.
241 2239 369 2283 Caput,
396 2239 464 2272 der
490 2241 744 2285 Hauptpunct.
770 2260 816 2266 —-
843 2244 980 2281 ceteris,
1008 2240 1067 2274 bei
1091 2240 1216 2273 seiner
1240 2239 1508 2288 Empsehlung

59 2299 104 2320 an
135 2286 304 2325 A11‹lore;
333 2288 603 2321 vornohmlich
629 2301 675 2322 an
702 2291 804 2324 scine
831 2289 1067 2335 Nachsolger
1104 2288 1141 2320 iu
1167 2288 1236 2322 der
1261 2287 1506 2321 Statthalter-

59 2335 179 2367 schasl
209 2333 299 2366 iiber
325 2333 475 2367 A‹·haia.
511 2356 555 2360 -
590 2339 867 2371 i‹lem..im{icli
893 2342 923 2370 rt
950 2328 1159 2376 υοῖαηΐαΐὶε,
1192 2348 1315 2384 genau
1342 2336 1507 2369 dieselbe

58 2381 219 2416 Ausicllt
246 2381 325 2414 und
351 2382 608 2430 Geneiglhoit.
636 2386 670 2419 S.
699 2386 844 2419 liaxush.
872 2387 899 2428 ξ).
929 2387 1009 2425 104,
1036 2386 1069 2418 2.
1097 2384 1244 2419 Grotef.
1269 2386 1295 2427 §.
1323 2386 1404 2419 231.
1424 2386 1506 2417 280.

59 2450 104 2455 ——-
132 2431 325 2470 cumulate,
353 2430 390 2462 in
417 2432 539 2471 mille,
573 2434 778 2467 reichlich.
808 2453 852 2458 —
881 2436 1063 2476 scripsisse
1089 2435 1129 2465 de
1153 2445 1187 2466 se
1212 2432 1338 2465 Lamb.
1365 2437 1406 2463 ut
1431 2432 1504 2476 Ep.

57 2490 132 2521 scq.
163 2478 239 2510 ΟΒ.
264 2496 310 2501 -
335 2480 568 2523 negligenter,
595 2482 701 2514 nicht
728 2481 1035 2514 nachdriicklich
1068 2492 1206 2527 genug.
1246 2498 1285 2504 ——
1325 2483 1502 2523 Quanti..

57 2540 111 2561 me
127 2525 288 2569 sarcre-5,
316 2526 388 2559 wie
414 2527 492 2561 viel
518 2527 581 2560 ich
608 2530 669 2563 bei
697 2530 767 2563 Dir
792 2529 922 2562 bisher
949 2530 1038 2577 gall.
1066 2528 1102 2562 S.
1128 2528 1280 2563 Ramsh.
1308 2530 1333 2571 ξ).
1364 2530 1442 2570 109,
1471 2540 1502 2560 a.

57 2575 202 2608 Grotes.
226 2574 255 2617 ξ).
282 2574 365 2615 238,
390 2576 423 2608 2.

149 2648 181 2680 1.
232 2650 317 2679 utor·
334 2645 596 2689 familiariter.
625 2647 689 2681 Sin
712 2648 781 2681 Md.
811 2650 926 2692 Ncap,
958 2648 1036 2681 Asc-e.
1068 2651 1096 2681 l.
1125 2648 1221 2680 vict.
1251 2651 1281 2681 ἱ.
1301 2651 1334 2683 2.
1363 2646 1500 2682 Bened.

56 2695 156 2728 valde
173 2693 423 2738 familiariter
448 2694 545 2731 Crat.
573 2696 701 2732 Lamb.
728 2696 865 2730 Gracv.
893 2697 990 2734 ΕΜ.
1014 2696 1089 2730 Seh
1129 2696 1224 2729 hun.
1254 2698 1328 2730 OR.
1357 2715 1402 2723 -—
1424 2709 1503 2731 sum
