1795 3081
223 58 322 107 220
488 55 555 104 M.
591 56 644 104 Τ.
679 52 1020 104 CICERONIS
1055 52 1443 108 EPISTOLAE.

225 176 334 232 quid
363 189 444 233 ago
462 179 480 216 ἶ)
510 188 645 229 quum
673 174 784 214 mihi
813 176 870 215 sit
900 176 1133 223 incertum,
1164 178 1467 230 tranquillone
1505 177 1563 217 sis
1593 177 1687 216 ani-

224 248 315 284 mo,
345 247 417 283 au,
445 238 496 271 ut
524 233 571 269 in
601 232 733 278 bello,
771 232 817 270 in
857 232 1006 283 aliqua
1041 233 1284 273 maiuscula
1314 246 1422 272 cura
1451 234 1688 289 negotiove

223 301 429 338 versere,
483 287 611 326 labor
652 287 840 342 longius.
908 286 1053 338 Quum
1089 289 1229 343 igitor
1263 288 1374 327 mihi
1412 290 1500 328 erit
1537 289 1687 340 explo-

224 352 371 384 ratum
401 349 445 382 te
474 343 667 382 libenter
695 355 787 382 esse
816 342 1028 393 risurum,
1065 344 1256 382 scribam
1294 343 1349 382 ad
1397 350 1440 383 te
1469 345 1686 397 pluribus.

221 399 290 438 Te
320 405 464 437 tamen
494 398 578 438 hoc
607 399 721 436 scire
750 398 870 447 volo,
894 398 1179 437 vehementer
1207 400 1418 452 populum
1446 400 1688 439 sollicitum

220 456 356 496 fuisse
386 453 439 492 de
469 454 513 492 P.
533 452 684 492 Sullae
713 459 871 503 morte,
902 459 1136 506 antequam
1157 461 1326 494 certum
1353 456 1518 495 scierit.
1556 455 1688 494 Nunc

221 522 437 563 quaerere
476 508 717 559 desierunt,
769 508 989 561 quomodo
1029 511 1235 562 perierit:
1283 511 1388 549 satis
1433 515 1603 564 putant,
1641 522 1688 549 se

220 566 353 615 scire,
395 563 513 617 quod
550 565 708 613 sciunt.
774 564 865 619 Ego
909 567 1138 618 ceteroqui
1188 566 1335 611 animo
1375 578 1515 625 aequo
1561 566 1686 614 fer05

219 633 358 665 unuin
391 632 568 674 vereor,
598 632 653 669 ne
682 619 806 664 hasta
836 618 1036 665 Caesaris
1066 621 1310 665 refrixerit,

401 805 723 857 EPISTOLA
756 808 909 857 DXX.
977 807 1062 867 (ad
1097 807 1212 858 Div.
1251 810 1362 860 XV.
1401 809 1501 875 17.)

439 897 522 932 Ser.
549 898 688 931 Romae
716 896 829 931 initio
855 897 949 930 anni
974 898 1020 931 U.
1050 897 1090 931 e.
1117 900 1200 933 709.
1242 898 1290 939 (a.
1320 897 1358 931 c,
1386 898 1467 940 115.)

222 970 413 1015 Queritur
439 970 485 1003 de
511 968 745 1014 importunis
772 969 992 1003 tabellariis.
1013 972 1044 1003 1.
1072 975 1204 1002 narrat
1228 969 1274 1005 de
1292 971 1329 1016 P*
1348 969 1478 1003 Sullae
1497 974 1632 1003 morte.
1652 970 1686 1004 2.

222 1021 270 1054 de
300 1019 404 1052 bello
441 1017 703 1062 Hispaniensi,
752 1016 797 1051 de
833 1019 971 1051 Pansae
1004 1018 1246 1062 profectIOne
1285 1018 1325 1051 in
1363 1018 1615 1063 provinciam.
1653 1021 1685 1056 3,

221 1068 341 1106 Cassii
375 1066 580 1101 consilium
612 1065 762 1110 probat,
803 1065 1058 1105 Brundisinae
1096 1066 1327 1108 mansioni53
1371 1066 1502 1100 literas
1534 1071 1686 1104 mutuas

854 1114 990 1158 poscit.
1023 1117 1057 1148 4.

644 1186 693 1223 M,
734 1185 912 1220 CICERO
955 1185 996 1219 C.
1031 1185 1197 1221 CASSIO
1232 1185 1269 1222 S.

331 1257 647 1311 praeposteros
677 1257 810 1300 habes
840 1259 1128 1307 tabellarios;
1174 1261 1256 1298 etsi
1293 1273 1361 1299 me
1391 1258 1568 1311 quidem
1598 1272 1687 1298 non

221 1314 472 1355 offendunt:
503 1313 579 1353 sed
608 1320 826 1355 tamen...
858 1314 1003 1366 Quum
1039 1328 1065 1353 a
1095 1328 1165 1354 me
1205 1314 1448 1365 discedunt,
1486 1316 1688 1371 flagitant

218 1439 342 1472 scelus
369 1450 390 1472 a
415 1437 606 1478 Cicer-one
632 1437 679 1470 de
705 1437 744 1470 vi
769 1443 962 1471 accusatus
991 1443 1048 1479 et,
1075 1438 1161 1486 lege
1187 1438 1375 1483 Pompeia,
1404 1438 1579 1472 omnibus
1605 1450 1688 1472 sen-

218 1486 353 1520 tentiis
380 1486 545 1519 maximo
571 1486 710 1533 plausu
737 1485 1008 1528 condemnatus
1033 1486 1129 1527 (vid.
1143 1486 1313 1533 Philipp,
1340 1488 1402 1528 VI,
1430 1489 1463 1522 4.
1491 1486 1536 1519 ad
1548 1486 1684 1521 Famil.

218 1535 304 1577 Vll,
332 1537 365 1570 2.
401 1534 484 1576 XII²
513 1536 569 1568 18.
607 1533 776 1579 Philipp.
805 1534 909 1576 XIII,
938 1536 1012 1576 13,)
1047 1534 1165 1567 rediit
1198 1539 1330 1574 tamen
1356 1535 1512 1568 Romam
1549 1546 1568 1567 a
1595 1534 1686 1568 Cae-

219 1595 303 1617 sare
330 1583 479 1616 victore
507 1587 639 1616 contra
666 1593 747 1615 rem
773 1582 969 1628 publicam
1005 1582 1217 1623 restitutus.
1269 1584 1402 1627 Itaque
1430 1582 1564 1616 Cicero
1590 1582 1687 1614 Bur-

218 1643 298 1669 sam
324 1630 482 1676 pristini
507 1630 693 1669 facinoris
729 1634 766 1668 et
783 1630 1037 1677 *ignorantiae
1065 1641 1241 1664 accusans
1253 1630 1451 1666 Caesarem
1474 1630 1685 1663 iniustitiae

219 1684 383 1713 accusat.

314 1742 349 1775 3.
402 1740 492 1784 quid
514 1750 585 1783 ago
611 1737 645 1778 d.
673 1737 698 1772 i.
727 1749 838 1772 wozu
865 1738 967 1775 diese
993 1737 1185 1772 Scherze?
1212 1755 1255 1762 —
1282 1741 1319 1771 in
1347 1740 1451 1779 hello,
1486 1737 1685 1771 Dolabella

217 1798 301 1822 war
328 1787 470 1821 damals
497 1787 598 1823 beim
626 1786 740 1819 Casax·
774 1786 815 1818 in
843 1786 1018 1830 Spanien.
1054 1806 1101 1811 --
1135 1790 1295 1831 negotio,
1334 1786 1685 1835 Kriegsunterneh-

218 1847 353 1882 inung.
389 1854 437 1859 —
472 1837 577 1868 labor
610 1836 768 1880 longius,
805 1834 964 1867 verlier’
998 1834 1063 1867 ich
1095 1834 1199 1867 mich
1233 1847 1280 1866 zu
1314 1835 1421 1875 weit,
1466 1834 1574 1881 gleit'
1608 1833 1686 1872 ich,

218 1884 395 1920 sehvveif'
421 1883 485 1916 ich
512 1895 559 1915 zu
584 1883 677 1917 weit
704 1895 778 1920 aus,
808 1901 854 1906 —
889 1888 1009 1929 anteq.
1035 1888 1121 1915 cert.
1148 1885 1285 1915 scierit.
1321 1883 1534 1916 Verebatur
1571 1882 1684 1922 enim,

219 1944 269 1967 ne
296 1932 435 1965 falsum
463 1936 571 1971 esset,
606 1931 708 1975 quod
743 1942 820 1964 esse
857 1942 991 1965 verum
1020 1930 1209 1975 cupiebat,
1246 1930 1336 1974 quia
1363 1933 1398 1964 P.
1427 1931 1545 1967 Sulla,
1585 1929 1685 1974 quod

219 1986 259 2014 et
283 1986 406 2021 antea,
435 1980 624 2013 dictatore
650 1979 872 2028 propinquo
899 1990 965 2012 suo
993 1980 1033 2012 L.
1058 1979 1164 2012 Sulla
1193 1983 1229 2012 et
1255 1984 1381 2022 postea
1404 1978 1571 2018 Caesare,
1599 1989 1686 2022 pro-

218 2028 455 2072 scriptorum
485 2027 629 2060 civium
659 2029 753 2061 bona
779 2039 909 2060 emere
937 2031 1198 2064 consueverat,
1224 2026 1367 2070 populo
1396 2026 1579 2070 inprimis
1600 2026 1686 2059 odio

219 2082 311 2111 erat.
345 2076 524 2115 MANUT.
572 2075 661 2109 Vid.
692 2087 748 2120 ep.
777 2078 846 2109 520
874 2081 911 2109 et
936 2075 981 2109 de
1009 2075 1138 2108 Officc.
1166 2075 1216 2114 II,
1243 2077 1275 2109 8.
1310 2094 1356 2098 -
1390 2077 1583 2120 ceteroqui.
1612 2073 1685 2109 Md,

219 2136 241 2158 a
267 2135 337 2158 seo.
364 2136 414 2159 m.
442 2123 541 2158 Crat.
569 2123 707 2157 Bened.
737 2129 855 2156 cetera
882 2126 953 2169 qui.
1012 2123 1153 2155 Mirum
1182 2123 1330 2155 nemini
1359 2123 1399 2155 in
1427 2127 1596 2156 mentem
1624 2134 1686 2154 ve-

220 2172 344 2209 nisse:
372 2177 490 2205 cetera
518 2173 671 2217 quidem.
703 2173 777 2205 ΟΒ.
804 2191 849 2196 -
877 2171 1083 2216 refrixerit,
1119 2170 1201 2205 dass
1229 2170 1371 2210 (durch
1398 2171 1473 2204 den
1499 2170 1581 2207 Tod
1608 2169 1687 2202 die-

219 2232 277 2254 ses
311 2219 436 2258 Sulla)
470 2219 601 2253 Casars
639 2220 999 2267 Versteigerungen
1036 2224 1151 2252 etwas
1186 2219 1257 2251 in's
1293 2219 1459 2252 Stockeu
1499 2218 1686 2264 geratheu

221 2269 400 2309 diirften3
429 2279 489 2307 ne,
516 2267 637 2309 Sulla,
666 2268 736 2304 illo
763 2274 911 2302 sectore
939 2267 1139 2308 bonorum,
1167 2272 1332 2309 mortuo,
1360 2267 1471 2311 pauci
1499 2266 1590 2305 sint,
1620 2265 1685 2309 qui

220 2328 348 2351 emere
383 2315 692 2360 proscriptorum
728 2317 825 2350 bona
860 2315 995 2353 velint,
1029 2326 1124 2358 quae
1162 2314 1296 2347 Caesar
1332 2315 1396 2348 sub
1432 2315 1538 2352 hasta
1570 2312 1687 2346 vendi

221 2365 392 2402 iusserat.
421 2364 520 2401 SCH,
554 2364 704 2398 Ironie!
740 2364 988 2407 Ueberhaupt
1022 2363 1114 2396 fand
1142 2362 1278 2399 Cicero
1306 2363 1421 2396 einen
1448 2361 1605 2396 seleheu
1632 2360 1688 2394 io-

221 2412 441 2446 Vialischen
468 2412 563 2451 Tou,
590 2413 666 2446 Wie
693 2424 735 2446 er
763 2413 805 2445 iu
833 2412 972 2446 diesem
998 2411 1127 2444 Briese
1153 2410 1419 2449 vorherrscht,
1454 2410 1599 2443 seiuem
1626 2409 1688 2441 be-

221 2461 415 2496 sonderen
441 2459 702 2494 Verh'a'ltnisse
729 2473 776 2497 zu
803 2461 944 2494 diesem
971 2459 1130 2491 aimable
1159 2460 1252 2492 reue
1281 2459 1407 2506 einzig
1425 2468 1685 2506 angemessen.

370 2545 406 2578 C.
439 2543 618 2582 CASSIO,
653 2543 688 2578 S.
717 2556 765 2576 zu
792 2555 849 2589 ep.
879 2541 1023 2576 CCXLI
1049 2541 1104 2575 im
1130 2542 1216 2579 Anf.
1244 2555 1279 2575 u.
1307 2542 1479 2575 DXVIII.

319 2608 352 2640 1.
401 2609 671 2649 praeposteros,
699 2602 924 2637 verkehrte.
959 2602 1161 2637 Brevitatis
1198 2602 1401 2635 literarum
1426 2612 1580 2634 suarum
1605 2600 1687 2633 cul-

223 2664 311 2699 pam
346 2653 386 2685 in
418 2652 640 2686 tabellarios
676 2653 870 2685 transfert.
903 2669 950 2675 —
985 2649 1436 2694 tamen...Aposiopesis.
1476 2647 1685 2692 Supplend.

222 2703 495 2748 aliquantulam
523 2700 723 2746 offendant.
758 2698 823 2734 Sic
851 2705 956 2734 recte
974 2699 1129 2735 Victor.
1155 2697 1339 2732 distinxit.
1369 2697 1448 2732 Cet.
1475 2698 1538 2732 sed
1555 2702 1688 2737 tamen,
