1795 3081
427 123 750 171 EPISTOLA
803 126 1153 178 CCCCXLIV.
1250 162 1276 180 ⁶
1450 133 1511 178 83

50 266 105 273 —
133 243 320 297 perdere
350 245 486 283 malo:
532 245 628 293 etsi,
666 251 850 298 propter
881 247 1216 300 turpitudinem,
1254 250 1337 289 hoc
1367 252 1512 304 ipsum

50 305 157 352 puto
189 313 280 339 esse
310 299 588 352 perdere:—
609 306 686 339 aut
716 300 1039 356 delegationem
1070 316 1094 342 a
1123 307 1335 358 mancipe,
1366 319 1510 345 annua

0 395 1 401 ἵ
51 354 145 393 die:
176 377 231 384 —
260 357 356 407 quis
387 356 487 404 erit,
527 356 600 393 cui
631 354 837 395 credam?
877 363 955 396 aut
994 358 1165 409 quando
1205 362 1288 400 iste
1315 360 1510 400 Bletonis

0 426 1 434 ¹
51 422 188 449 annus
235 411 416 449 veniet?
467 430 522 436 —
582 417 659 449 aut
709 410 911 450 Vettieni
965 411 1265 455 conditionem
1318 418 1507 455 semisse.

48 463 229 517 Σκέψαι
257 467 409 520 igitur.
452 464 514 503 Ae
545 478 718 515 vereor,
750 479 803 505 ne
833 467 917 505 iste
946 468 1034 505 iam
1064 471 1313 509 auctionem
1343 472 1510 509 nullam

50 521 198 570 faciat,
229 520 318 570 sed,
349 518 463 558 ludis
492 521 635 571 sactis,
666 515 817 576 κτύπῳ
847 521 1044 561 subsidio
1075 530 1240 563 currat.
1311 526 1380 566 Ne
1409 527 1510 565 talis

48 576 121 614 vir
150 569 363 630 ἄλογηθῇ.
421 574 508 614 Sed
537 571 732 626 μελήσει.

0 698 1 705 “
44 705 194 749 perdere
218 706 316 738 malo
342 704 453 738 istam
478 706 686 749 pecuniam
714 706 811 740 mihi
834 707 1009 746 debitam,
1036 719 1150 752 quam
1180 721 1308 744 emere
1335 712 1378 743 ab
1405 711 1509 745 hasta

48 752 258 796 proscripti
294 752 389 785 civis
425 756 480 792 (et
514 754 735 798 Pompeiani
769 755 935 799 quidem,
983 767 1101 800 quum
1143 757 1224 801 ipse
1258 759 1508 802 Pompeianus

47 800 184 840 fuerit)
211 799 327 841 bona3
355 801 457 844 quod
482 806 596 846 turpe
623 808 714 844 erat,
743 813 863 846 eoque
890 804 1049 837 nomine
1076 805 1123 837 M.
1152 805 1304 838 Crassus
1331 806 1414 847 ille,
1442 808 1522 854 qui,

49 859 68 879 a
101 847 251 880 Parthis
284 859 411 881 caesus
455 855 521 890 est,
570 849 669 883 male
705 850 890 892 audierat,
940 852 1040 894 quod
1073 850 1242 885 Sullanis
1272 854 1508 898 temporibus

48 895 259 929 multorum
287 896 431 929 civium
466 898 774 941 proscriptorum
812 898 910 932 bona
945 900 1046 933 solus
1080 900 1161 934 fere
1194 905 1357 945 propter
1387 902 1510 935 avari-

48 943 138 975 tiam
167 942 328 984 emisset,
355 944 453 978 unde
481 956 569 990 opes
595 946 687 979 illae
714 946 897 980 immanes
924 952 961 980 et
986 947 1176 981 invidiosa
1201 949 1364 992 pecunia
1399 950 1508 983 brevi

49 996 235 1038 congesta.
262 992 440 1025 MANUT.
475 1012 520 1018 —-
556 999 705 1037 propter
730 995 997 1039 turpitudinem
1030 995 1054 1030 i.
1084 1007 1115 1030 e.
1153 995 1184 1028 si
1211 996 1304 1029 bona
1331 996 1375 1029 ab
1401 997 1508 1030 hasta

49 1049 229 1080 emerem,
255 1039 329 1072 hoc
355 1041 481 1084 ipsum
508 1040 611 1074 idem
638 1042 739 1084 quod
763 1042 938 1086 perdere,
964 1049 1127 1087 propter
1154 1044 1358 1088 emptionis
1384 1045 1507 1089 turpi-

48 1086 235 1121 tudinem.
287 1088 372 1120 Plus
401 1088 501 1122 enim
529 1089 731 1133 perderem
760 1102 805 1123 ex
842 1090 1103 1124 diminutione
1138 1092 1272 1133 famae,
1309 1103 1422 1135 quam
1462 1104 1507 1126 ex

48 1135 239 1177 emptione
265 1135 451 1169 bonorum
478 1136 662 1170 lucrarer.
713 1138 913 1184 Vulgatam
947 1138 1092 1182 praeter
1117 1143 1216 1184 turp.
1257 1140 1312 1172 sic
1339 1138 1505 1184 interpr,

47 1183 210 1216 Manut.:
244 1194 322 1217 non
348 1185 470 1217 solum
499 1185 539 1216 in
565 1185 637 1218 hac
664 1185 856 1230 emptione
883 1186 1082 1230 turpitudo
1109 1187 1261 1227 inesset,
1288 1187 1353 1220 sed
1380 1188 1504 1230 etiam,

47 1236 89 1262 ut
114 1236 219 1274 puto,
247 1231 404 1264 iactura.
455 1232 551 1265 Nam
578 1233 608 1265 si
634 1233 814 1266 dominus
848 1234 1160 1275 commutabitur,
1202 1245 1298 1278 quae
1325 1235 1370 1268 de
1397 1235 1505 1270 bonis

47 1279 349 1322 proscriptorum
373 1285 498 1324 empta
526 1281 683 1322 fuerint,
711 1286 792 1314 rata
819 1292 897 1314 non
926 1287 1060 1324 erunt3
1096 1283 1224 1326 itaque
1257 1282 1331 1315 hoc
1367 1283 1505 1327 ipsum,

2 1355 7 1374 ·.
48 1338 158 1360 emere
185 1328 229 1360 ab
255 1327 373 1367 hasta,
398 1333 492 1371 puto
521 1339 596 1361 esse
622 1328 792 1372 perdere.
819 1330 999 1364 MANUT.
1037 1348 1081 1354 —
1115 1336 1181 1363 aut
1211 1330 1325 1363 habet
1361 1332 1506 1377 delega-

2 1377 6 1407 ς’
47 1377 183 1407 tionem
209 1388 231 1408 a
257 1378 432 1418 mancipe,
460 1375 578 1414 „oder
604 1376 669 1408 ich
696 1376 798 1408 kann
824 1377 929 1410 mich
956 1377 1127 1410 dadureh
1149 1377 1302 1410 bezahlt
1327 1379 1502 1421 macheu,

4 1425 6 1456 ἑ
50 1422 129 1454 dass
156 1422 220 1455 ich
246 1422 322 1455 mir
347 1433 423 1456 von
448 1423 573 1456 einem
599 1423 765 1462 Dritten,
795 1423 863 1457 der
889 1424 948 1457 (lie
977 1425 1099 1457 Giiter
1124 1425 1267 1464 kaufte,
1297 1425 1382 1459 eine
1407 1427 1503 1459 Ver-

49 1469 281 1517 schreibung
307 1470 428 1517 geben
456 1470 579 1512 liesse,
606 1472 789 1517 vermoge
825 1471 942 1504 deren
971 1483 1013 1505 er
1039 1472 1099 1505 die
1126 1472 1209 1505 dem
1237 1472 1365 1506 Meton
1393 1473 1505 1507 dafiir

4 1522 5 1527 ’
49 1517 248 1564 schuldige
275 1517 426 1551 Summe
462 1530 508 1550 an
544 1518 649 1550 mich
686 1518 826 1551 binnen
860 1519 1080 1552 Iahresfrist
1116 1532 1165 1552 zu
1198 1519 1383 1554 bezahlen
1418 1533 1505 1555 ver-

4 1558 6 1613 1
48 1565 247 1608 spr'ache.“
296 1567 475 1611 delegatio
507 1565 610 1599 wird
635 1565 697 1598 das
723 1572 903 1613 genannt,
939 1567 1041 1610 quod
1074 1567 1273 1600 solutIOuis
1303 1569 1504 1603 faciendae

5 1624 7 1658 j.
48 1623 138 1645 cura
165 1613 338 1659 delegata
365 1618 445 1647 erat
471 1613 656 1658 mancipi,
695 1613 718 1646 i.
755 1625 785 1647 e.
828 1614 876 1654 ei,
921 1614 988 1657 qui
1024 1615 1093 1648 illa
1126 1615 1225 1647 bona
1259 1615 1299 1647 in
1327 1617 1503 1651 auctione

4 1676 7 1694 ι
47 1661 210 1694 emisset.
237 1680 283 1685 —
309 1665 388 1706 quis
413 1665 495 1703 erit,
524 1664 581 1694 cui
607 1662 778 1695 credam?
802 1662 892 1695 aber
905 1662 1021 1697 Wem
1047 1662 1178 1697 werde
1205 1661 1284 1704 ich,
1313 1663 1374 1696 ein
1395 1666 1504 1698 Pom-

5 1718 7 1730 *
44 1708 214 1752 peianer,
253 1710 326 1742 Das
357 1715 541 1743 zutrauen
576 1709 757 1742 konnen?
810 1721 924 1753 quem
957 1711 1171 1755 mancipem
1208 1710 1359 1744 homini
1396 1713 1505 1745 Pom-

6 1799 8 1803 ,
42 1756 178 1800 peiano
203 1762 482 1801 praestaturum
506 1762 651 1802 putem,
678 1769 773 1801 quae
797 1758 1046 1802 promiserit?
1070 1758 1248 1793 MANUT.
1267 1778 1314 1783 ——-
1337 1760 1503 1795 Metonis.

6 1825 8 1835 >
45 1804 168 1845 „oder
194 1804 266 1838 wie
301 1805 422 1839 leicht
451 1806 596 1839 k'onnte
631 1817 695 1838 aus
723 1805 863 1839 diesem
891 1806 1003 1839 Iahre
1030 1806 1096 1839 ein
1122 1805 1380 1840 Metonisches
1406 1820 1505 1842 wer-

47 1851 120 1885 den
132 1853 176 1883 ?“
203 1852 248 1885 da
273 1853 402 1886 Meton
430 1853 499 1887 seit
525 1851 616 1886 Iahr
640 1853 720 1885 und
745 1854 826 1901 Tag
852 1866 899 1885 zu
925 1854 1111 1887 bezahlen
1137 1855 1398 1898 versprochen
1422 1855 1504 1889 und

46 1899 144 1932 doch
170 1900 279 1933 nicht
305 1901 458 1935 bezahlt
482 1900 597 1935 hatte.
649 1901 749 1935 Eine
783 1901 908 1934 durch
941 1902 1015 1935 den
1042 1903 1189 1935 Namen
1215 1902 1278 1935 des
1305 1902 1503 1937 Ciceroni-

7 1938 9 1956 1
46 1946 162 1980 schen
209 1947 441 1983 Schuldners
482 1950 715 1983 veranlasste
753 1948 994 1987 scherzhafte
1040 1949 1282 1998 Anspielung
1327 1952 1393 1983 auf
1431 1951 1504 1985 den

45 1995 386 2030 Astronomischen
419 1996 565 2041 Cyklus
597 2007 674 2030 von
710 1999 753 2032 19
788 1996 1098 2038 Sonneniahren,
1135 1997 1205 2030 der
1231 1997 1330 2031 nach
1356 1999 1503 2032 seinem

45 2042 238 2084 Erfinder,
265 2044 349 2077 dem
377 2045 603 2078 beriihmten
623 2044 918 2078 Mathematiker
932 2046 1058 2078 Meton
1075 2056 1149 2078 von
1167 2044 1304 2087 Athen,
1333 2046 1395 2079 das
1421 2047 1503 2080 Me-

3 2106 5 2128 ῑ
46 2092 220 2125 tonische
246 2091 335 2125 Iahr
359 2099 527 2139 genannt
551 2092 686 2127 wurde
721 2092 799 2126 und
823 2093 863 2125 in
890 2105 1064 2127 unserem
1092 2093 1287 2127 Kalender
1312 2093 1371 2127 die
1398 2095 1504 2142 gol-

19 2138 164 2181 (dene
191 2139 305 2173 zahl
330 2139 458 2173 heisst.
497 2142 635 2176 WIEL.
671 2160 718 2165 —
760 2141 926 2175 Vettieni.
977 2140 1042 2174 Sic
1082 2140 1229 2185 scripsi.
1267 2142 1391 2176 Vetenz'
1428 2142 1501 2176 Md.

9 2179 10 2190 ¹
47 2186 161 2220 Oxon.
192 2191 222 2221 1.
250 2189 283 2222 2.
332 2188 415 2221 Asc.
445 2192 476 2222 1.
515 2189 617 2222 Crat.
654 2189 750 2222 Vict.
779 2192 811 2222 1.
859 2190 1003 2222 Vectem·
1039 2189 1135 2223 Cett.
1177 2190 1251 2222 ΟΒ.
1302 2190 1502 2224 Vettienus

14 2236 15 2239 ’
45 2235 122 2268 fuit
149 2236 390 2283 argentarius
416 2236 719 2279 (Geldh'a'ndler)
756 2237 797 2269 in
828 2236 887 2269 his
915 2237 1040 2271 literis
1079 2237 1224 2281 saepius
1259 2243 1502 2279 memoratus,

46 2283 113 2326 qui
141 2283 280 2317 Metoni
304 2284 509 2329 pecuniam
535 2291 704 2318 mutuam
732 2284 888 2318 dederat
922 2290 971 2326 et,
1005 2290 1049 2318 ut
1078 2285 1123 2317 fit
1160 2285 1203 2317 in
1237 2285 1348 2318 malis
1383 2286 1504 2319 nomi-

46 2330 171 2372 nibus,
198 2331 385 2365 solutione
407 2332 586 2367 dimidiae
611 2333 732 2377 partis
759 2337 960 2366 contentus
978 2334 1114 2366 fuerat.
1167 2332 1281 2367 Sinn:
1310 2333 1403 2367 oder
1428 2334 1503 2367 soll

45 2377 109 2410 ich
135 2380 212 2412 mir
236 2379 410 2413 Dasselbe
435 2381 603 2428 gefallen
629 2381 762 2418 lassen.
786 2393 862 2414 was
889 2380 971 2414 sich
984 2382 1180 2414 Vettienus
1205 2381 1375 2427 gesallen
1401 2382 1503 2418 liess.

5 2419 8 2428 ¹
47 2425 114 2459 der
154 2426 226 2459 mit
264 2427 332 2460 der
356 2427 581 2476 Bezahlung
619 2429 686 2461 der
711 2429 841 2461 Halfte
879 2428 949 2461 der
974 2428 1120 2462 Schuld
1156 2428 1354 2462 zusrieden
1391 2431 1502 2464 war?

6 2490 8 2499 ·
45 2492 91 2498 —·
116 2478 289 2519 Σκέψαι
316 2477 382 2520 ign,
410 2476 590 2524 iiberlege
627 2477 717 2518 also,
759 2476 852 2511 Was
888 2488 936 2508 zu
971 2477 1070 2509 thun
1104 2477 1167 2510 sei.
1207 2495 1254 2501 —
1290 2478 1343 2510 Ac
1365 2489 1502 2518 vercor,

6 2518 16 2567 ἱ,
45 2529 295 2556 ne...currat.
354 2524 441 2558 Und
467 2535 571 2559 zwar
596 2524 741 2569 besorg'
768 2523 843 2562 ich,
879 2535 916 2557 es
951 2524 1108 2558 mochte
1142 2525 1268 2557 dieser
1294 2525 1400 2566 Kerl,
1436 2524 1504 2558 der

12 2568 17 2611 ἱ
45 2571 156 2612 Meto,
184 2583 242 2604 am
261 2570 371 2604 Ende
398 2571 509 2605 nicht
532 2572 671 2606 einmal
691 2571 751 2605 die
772 2571 935 2605 Auction
956 2574 1144 2606 anstellen
1161 2573 1297 2613 lassen,
1324 2572 1504 2613 sondern,

7 2614 19 2656 ¹17
45 2619 136 2652 weil
162 2619 224 2652 die
251 2619 377 2663 Spiele
403 2631 451 2652 zu
476 2621 653 2653 Pr'aineste
680 2621 722 2659 (⁵.
752 2631 808 2664 ep.
829 2622 912 2662 442,
933 2620 972 2664 2)
998 2621 1159 2668 gefeiert
1183 2620 1354 2659 werden,
1381 2620 1505 2653 lieber

14 2663 19 2712 1
48 2666 164 2700 dahin
191 2668 306 2705 eilen‚
330 2679 396 2700 um
421 2669 485 2701 fiir
510 2668 612 2702 seine
637 2667 787 2701 werthe
813 2669 954 2702 Person
986 2668 1048 2701 das
1073 2667 1414 2701 Beifallklatschen
1442 2680 1503 2700 aus

8 2712 19 2762 1
48 2712 331 2749 Schmeichelei
357 2727 480 2763 gegen
505 2716 580 2750 den
607 2715 733 2749 Geber
766 2715 834 2749 der
860 2716 988 2760 Spiele
1027 2715 1250 2750 verst'zirken
1288 2727 1336 2748 zu
1372 2715 1505 2749 helsen

8 2764 18 2794 ιζ·
47 2762 123 2795 und
148 2762 224 2796 mir
248 2763 359 2797 nicht
385 2775 434 2797 zu
459 2763 655 2797 bezahlen.
686 2783 727 2790 -
754 2763 805 2798 Ne
830 2766 922 2798 talis
946 2767 1004 2799 vir
1030 2764 1247 2809 α’λογηθῆ
1272 2763 1294 2796 i.
1319 2774 1349 2796 e.
1378 2763 1506 2809 negli-

15 2815 16 2828 1

1147 2824 1202 2863 6*
