1795 3081
228 48 326 97 210
480 45 550 93 Μ.
587 45 652 95 T..
678 40 1021 111 CICERONIS
1056 42 1435 94 EPISTOLAE.

232 182 338 211 vero
368 169 498 214 illam,
538 179 667 221 quam
697 173 745 206 tu
774 167 944 218 scribis,
988 172 1095 219 puto
1125 168 1251 208 nosti.
1308 166 1435 208 Nihil
1472 166 1570 209 vidi
1612 169 1702 208 foe-

235 226 346 265 dius.
405 223 492 263 Sed
521 223 690 262 adsum.
752 222 909 262 Coram
940 224 1091 275 igitur.
1474 271 1476 273 ‚

348 280 587 333 obsignata
623 279 822 332 epistola,
861 279 1011 330 accepi
1049 284 1159 317 tuas.
1219 275 1392 318 Atticae
1436 277 1703 320 hilaritatem

235 336 427 375 libenter
456 310 614 374 audio:
652 335 1034 373 commotiunculis
1065 327 1321 384 συμπάσχω.

414 514 737 592 EPISTOLA
772 515 956 563 DXVI.
1023 514 1119 584 (ads
1142 515 1260 564 Div.
1297 515 1385 565 IV.
1421 516 1525 575 14.)

355 605 436 640 Sel.
467 605 608 639 Romae
636 609 796 638 exeunte
823 609 1005 638 autumno
1033 604 1075 638 A.
1105 604 1150 638 U
1179 603 1220 638 c.
1249 606 1330 640 708.
1367 607 1416 647 (a.
1442 605 1482 640 e.
1511 607 1589 648 46.)

240 677 418 712 Plancius
450 678 508 710 bis
534 676 739 731 Ciceroni&
765 680 802 709 et
839 677 884 710 de
919 682 1146 721 recuperata
1184 689 1256 722 per
1282 677 1480 712 Caesarem
1515 677 1701 725 dignitate

241 732 279 761 et
315 727 360 760 de
399 726 545 771 nuptiis
579 736 667 757 cuin
704 724 871 772 virgine,
909 724 1065 758 dimissa
1103 726 1298 767 Terentia,
1333 726 1452 767 initis,
1493 727 1704 774 gratulatus

239 776 374 809 fuerat.
426 774 610 817 Utrisque
649 773 772 806 literis
812 785 888 806 una
932 773 1137 817 respondet
1177 774 1332 807 Cicelo:
1379 773 1588 819 primibus,
1627 785 1704 808 non

242 835 319 858 esse
346 823 551 868 plistinam
579 821 825 876 dignitatem,
864 833 976 865 quam
1004 827 1223 865 receperat:
1265 824 1383 856 1—2.
1425 822 1570 861 alteris,
1609 834 1704 866 quae

241 883 350 905 causa
375 870 493 904 fuerit
526 870 616 902 novi
652 869 805 902 consilii
838 868 1008 903 ineundi.
1045 872 1079 904 3.
1130 870 1297 903 Tandem
1336 871 1481 903 solatur
1505 871 1705 904 Plancium

313 920 505 963 Corcylae
533 917 772 951 exsulantem
800 918 910 961 eique
939 916 1044 950 nihil
1077 929 1126 961 ΡΙ
1129 923 1233 951 aetel
1260 928 1506 951 communem
1533 918 1634 952 cala-

408 967 582 999 mitatem
607 965 821 999 timendum
850 976 928 999 esse
955 965 1172 1007 confirmat,
1201 966 1263 1000 cui
1289 978 1354 999 sua
1380 966 1547 1010 denique

756 1014 885 1047 officia
910 1013 1136 1059 pollicetur.
1163 1017 1196 1048 ll.

565 1099 614 1130 M.
656 1097 834 1133 CICERO
871 1097 907 1132 S.
945 1098 990 1132 D.
1034 1094 1112 1132 CN.
1153 1099 1377 1135 PLANCIO.

349 1172 481 1212 Binas
511 1184 535 1210 a
566 1176 608 1210 te
637 1173 787 1225 accepi
817 1172 991 1222 literas,
1044 1171 1237 1224 Corcyra
1250 1172 1306 1224 [e]
1337 1172 1479 1213 datas:
1521 1184 1708 1227 quarum

239 1229 392 1269 alteris
422 1227 531 1265 mihi
561 1228 848 1281 gratulabar-e,
890 1227 1005 1281 quod
1035 1227 1230 1269 audisses
1268 1243 1338 1269 me
1377 1242 1516 1269 meam
1558 1229 1710 1282 pristi-

239 1299 338 1324 nam
379 1282 636 1337 dignitatem
677 1284 900 1333 obtinere3
938 1284 1091 1322 alteris
1134 1284 1308 1324 dicebas
1352 1291 1393 1324 te
1434 1285 1558 1328 velle,
1600 1296 1710 1336 quae

239 1342 437 1395 egissem,
467 1339 577 1377 bene
611 1343 654 1377 et
683 1339 872 1377 feliciter
903 1341 1093 1378 evenire.
1152 1340 1240 1395 Ego
1261 1346 1422 1385 autem,
1453 1341 1491 1378 si
1522 1337 1710 1394 dignitas

237 1405 306 1437 est
348 1397 454 1434 bene
490 1392 543 1433 de
579 1406 628 1432 re
665 1394 843 1446 publica
889 1396 1054 1434 sentire
1097 1400 1140 1434 et
1184 1396 1308 1434 bonis
1355 1396 1474 1435 viris
1520 1395 1710 1448 probare

238 1450 354 1505 quod
382 1449 560 1499 sentias,
590 1450 765 1488 obtineo
797 1449 1052 1504 dignitatem
1082 1464 1251 1490 meam:
1292 1452 1360 1490 sin
1396 1456 1543 1489 autem
1580 1451 1626 1488 in
1660 1461 1709 1489 eo

238 1507 426 1561 dignitas
457 1509 532 1551 est,
565 1506 616 1553 si,
649 1504 764 1558 quod
790 1508 968 1554 sentias,
998 1511 1074 1545 aut
1094 1519 1144 1545 1e
1165 1506 1341 1546 efficere
1368 1506 1507 1560 possis
1537 1511 1614 1544 aut
1640 1503 1713 1544 de-

238 1565 372 1615 nique
399 1562 543 1600 libera
573 1562 771 1600 oratione
802 1559 1046 1607 defendere,
1089 1575 1142 1600 ne
1172 1564 1407 1616 vestigium
1436 1560 1615 1614 quidem
1644 1560 1713 1599 ul·

237 1619 332 1657 lum
375 1623 439 1656 est
467 1616 688 1669 reliquum
728 1616 851 1654 nobis
890 1614 1145 1671 dignitatis3
1187 1620 1422 1672 agituique
1466 1615 1709 1680 praeclare,

239 1675 277 1714 si
306 1677 474 1712 nosmet
504 1673 623 1724 ipsos
653 1684 806 1726 regere
837 1684 1079 1723 possumus
1113 1679 1163 1710 ut
1192 1686 1253 1716 ea
1287 1686 1397 1725 quae
1427 1672 1593 1725 partim
1622 1672 1712 1708 iam

238 1728 410 1777 adsunt,
462 1728 625 1780 partim
665 1704 930 1779 impendent,
971 1726 1196 1766 moderate
1233 1728 1447 1766 festramus
1488 1723 1604 1779 quod
1648 1730 1714 1764 est

239 1782 420 1823 difficile
458 1784 504 1821 in
543 1781 761 1822 eiusmodi
796 1782 927 1829 bello,
969 1783 1096 1822 cuius
1137 1785 1282 1822 exitus
1321 1796 1373 1822 ex
1411 1784 1548 1821 altela
1585 1786 1710 1834 parte

238 1921 401 1960 uillam,
427 1917 603 1952 welche?
631 1918 678 1951 ist
703 1918 938 1952 unbekannt.
975 1938 1022 1944 —
1061 1921 1132 1953 Sed
1154 1921 1280 1954 adsum
1306 1924 1350 1952 st.
1377 1917 1499 1960 brevi,
1529 1918 1711 1952 celeriter

237 1968 365 2009 adero,
406 1966 497 2000 aber
532 1966 599 2000 ich
633 1965 702 1999 bin
738 1967 857 2001 schon
891 1978 931 2001 so
970 1971 1040 2015 gut
1073 1968 1127 2001 als
1160 1968 1309 2002 wieder
1342 1980 1390 2000 zu
1424 1967 1530 2000 Rom.
1573 1984 1609 1991 -—
1651 1980 1709 2000 co·-

238 2028 321 2049 ram
345 2024 394 2034 *-
418 2015 622 2048 miindlich
650 2014 786 2048 davon.
812 2035 858 2040 —
893 2016 1285 2050 conmzot.feb1i1ibus
1319 2028 1526 2058 συιπασχω,
1554 2014 1712 2049 dieFie-

238 2062 471 2097 berschauei
475 2063 585 2106 chen,
612 2073 689 2096 von
716 2063 841 2097 denen
868 2064 924 2098 sie
950 2064 1051 2098 noch
1076 2060 1346 2112 angewandelt
1370 2063 1483 2106 wird,
1508 2063 1619 2097 fiihle
1645 2062 1711 2096 ich

238 2112 309 2145 mit
334 2111 410 2145 ihr.
447 2111 482 2145 S.
512 2123 570 2157 ep.
597 2113 680 2154 453,
707 2114 729 2147 3
755 2124 815 2146 am
841 2113 962 2146 Ende.

384 2194 457 2229 CN.
486 2195 709 2230 PLANCIO.
748 2195 783 2230 S.
810 2208 859 2229 zu
885 2196 956 2242 Ep.
984 2193 1269 2230 CCCCXXXIII
1296 2195 1349 2228 im
1377 2195 1463 2230 Anf.

334 2269 368 2301 1.
420 2268 578 2312 Cor-cyra
605 2268 654 2312 [e]
683 2269 802 2302 datas.
844 2266 920 2300 Hic
946 2267 1136 2307 Plancius,
1164 2267 1258 2301 olim
1285 2266 1487 2302 Ciceronis
1514 2271 1707 2312 quaestor,

239 2315 442 2351 exsulabat.
472 2316 570 2350 SCH.
617 2319 775 2362 Corcyra
807 2316 1029 2363 Mart-Lag.
1071 2315 1160 2348 Sch.
1196 2316 1335 2349 Placet.
1373 2317 1563 2350 ORELLI.
1602 2326 1707 2357 „von

238 2362 407 2408 Corcyra
433 2363 545 2396 her.“
572 2363 607 2397 S.
628 2362 780 2398 Ramsh.
809 2366 835 2407 §.
865 2365 946 2403 147,
973 2367 1006 2403 1,
1031 2365 1120 2397 Not.
1147 2365 1178 2398 2.
1210 2382 1250 2388 -
1279 2378 1369 2410 quae
1395 2368 1559 2409 egissem,
1585 2362 1705 2404 „Was

238 2410 304 2444 ich
332 2412 540 2445 neuerlich
568 2413 751 2459 gethan.“
777 2413 833 2445 Er
858 2411 964 2445 hatte
991 2411 1075 2444 sich
1102 2411 1276 2444 n'zimlich
1302 2411 1376 2445 mit
1402 2413 1530 2446 seiner
1547 2412 1705 2458 iungen,

237 2459 409 2493 sehb‘nen
442 2459 521 2492 und
554 2461 713 2494 reichen
739 2459 1113 2507 Pflegebefohlenen,
1140 2459 1316 2497 Publilia,
1351 2460 1632 2494 verheirathet.
1663 2477 1704 2484 —

237 2512 295 2541 et.
312 2510 484 2548 sentias,
518 2509 596 2541 und
621 2510 727 2542 scine
754 2492 839 2541 Arte
859 2520 907 2540 zu
939 2507 1092 2542 denken
1129 2518 1205 2541 von
1242 2508 1371 2541 rechts
1375 2507 1575 2542 ehaffenen
1601 2509 1706 2539 M'an-

237 2566 335 2588 nern
365 2556 547 2604 gebilligt
572 2569 620 2590 zu
647 2557 797 2591 wissen.
825 2575 872 2581 —
898 2558 1123 2602 denique—
1074 2582 1122 2588 .-
1147 2568 1234 2588 zum
1261 2556 1492 2604 VVenigsten
1519 2555 1632 2589 doch.
1659 2573 1706 2579 -

236 2607 434 2649 agiturque
459 2607 661 2649 praeclare
687 2605 767 2637 und
793 2616 882 2637 man
911 2604 1013 2636 kann
1040 2603 1122 2637 sich
1147 2603 1266 2637 schon
1288 2604 1493 2651 gliicklich
1511 2603 1701 2636 sch'zitzen.

239 2669 279 2676 -
309 2654 506 2693 moderate,
533 2653 603 2685 mit
631 2651 921 2690 Gelaswnheit,
938 2653 1166 2700 M'a'ssigung.
1194 2671 1238 2676 —
1267 2654 1444 2686 ezasmodi
1459 2661 1507 2682 Ξ
1531 2651 1607 2684 wie
1635 2650 1704 2683 der

236 2701 538 2747 gegenw'artige.
564 2721 610 2728 --
637 2714 678 2735 ex
703 2703 824 2734 altera
852 2705 969 2742 nath,
1005 2712 1120 2735 wenn
1157 2699 1218 2732 di(
1246 2700 1282 2732 S?
1288 2700 1374 2733 'line
1407 2700 1469 2733 des
1504 2699 1621 2742 Pom}
1627 2699 1705 2730 eius
1764 2726 1767 2729 ,
