<?xml version="1.0" encoding="UTF-8"?>
<!DOCTYPE html PUBLIC "-//W3C//DTD XHTML 1.0 Transitional//EN"
    "http://www.w3.org/TR/xhtml1/DTD/xhtml1-transitional.dtd">
<html xmlns="http://www.w3.org/1999/xhtml" xml:lang="en" lang="en">
 <head>
  <title>
</title>
<meta http-equiv="Content-Type" content="text/html;charset=utf-8" />
  <meta name='ocr-system' content='tesseract 3.04.00' />
  <meta name='ocr-capabilities' content='ocr_page ocr_carea ocr_par ocr_line ocrx_word'/>
</head>
<body>
  <div class='ocr_page' id='page_1' title='image "./epistolaeadattic03ciceuoft_0413.png"; bbox 0 0 1795 3081; ppageno 0'>
   <div class='ocr_carea' id='block_1_1' title="bbox 382 71 1558 129">
    <p class='ocr_par' dir='ltr' id='par_1_1' title="bbox 382 71 1558 129">
     <span class='ocr_line' id='line_1_1' title="bbox 382 71 1558 129; baseline 0.009 -10"><span class='ocrx_word' id='word_1_1' title='bbox 382 71 696 123; x_wconf 89' lang='lat' dir='ltr'>EPISTOLA</span> <span class='ocrx_word' id='word_1_2' title='bbox 731 72 988 122; x_wconf 88' lang='lat' dir='ltr'>DCXXIX.</span> <span class='ocrx_word' id='word_1_3' title='bbox 1026 73 1264 125; x_wconf 90' lang='lat' dir='ltr'>DCXXX.</span> <span class='ocrx_word' id='word_1_4' title='bbox 1462 82 1558 129; x_wconf 77' lang='lat'>403</span> 
     </span>
    </p>
   </div>
   <div class='ocr_carea' id='block_1_2' title="bbox 97 193 1593 796">
    <p class='ocr_par' dir='ltr' id='par_1_2' title="bbox 97 193 1593 796">
     <span class='ocr_line' id='line_1_2' title="bbox 107 193 1558 254; baseline 0.004 -23"><span class='ocrx_word' id='word_1_5' title='bbox 107 205 247 232; x_wconf 88' lang='lat' dir='ltr'>sarem</span> <span class='ocrx_word' id='word_1_6' title='bbox 269 194 561 246; x_wconf 84' lang='lat' dir='ltr'>scripturum:</span> <span class='ocrx_word' id='word_1_7' title='bbox 595 193 800 233; x_wconf 87' lang='lat' dir='ltr'>Cluvium</span> <span class='ocrx_word' id='word_1_8' title='bbox 831 198 976 231; x_wconf 76' lang='lat' dir='ltr'>autem</span> <span class='ocrx_word' id='word_1_9' title='bbox 1005 206 1029 232; x_wconf 82' lang='lat' dir='ltr'>a</span> <span class='ocrx_word' id='word_1_10' title='bbox 1053 193 1104 234; x_wconf 89' lang='lat' dir='ltr'>T.</span> <span class='ocrx_word' id='word_1_11' title='bbox 1125 195 1380 238; x_wconf 86' lang='lat' dir='ltr'>Hordeonio</span> <span class='ocrx_word' id='word_1_12' title='bbox 1409 198 1558 254; x_wconf 81' lang='lat' dir='ltr'>legare</span> 
     </span>
     <span class='ocr_line' id='line_1_3' title="bbox 106 247 1556 302; baseline 0.01 -24"><span class='ocrx_word' id='word_1_13' title='bbox 106 254 149 287; x_wconf 70' lang='lat' dir='ltr'>et</span> <span class='ocrx_word' id='word_1_14' title='bbox 179 247 416 287; x_wconf 70' lang='lat' dir='ltr'><strong>Terentiae</strong></span> <span class='ocrx_word' id='word_1_15' title='bbox 446 248 522 287; x_wconf 74' lang='lat'>115</span> <span class='ocrx_word' id='word_1_16' title='bbox 555 257 658 288; x_wconf 65' lang='lat'>1090,</span> <span class='ocrx_word' id='word_1_17' title='bbox 691 253 734 286; x_wconf 87' lang='lat' dir='ltr'>et</span> <span class='ocrx_word' id='word_1_18' title='bbox 758 248 961 298; x_wconf 88' lang='lat' dir='ltr'>sepulcro</span> <span class='ocrx_word' id='word_1_19' title='bbox 991 250 1227 302; x_wconf 85' lang='lat' dir='ltr'>multisque</span> <span class='ocrx_word' id='word_1_20' title='bbox 1259 253 1414 301; x_wconf 82' lang='lat' dir='ltr'>rebus3</span> <span class='ocrx_word' id='word_1_21' title='bbox 1445 254 1556 293; x_wconf 86' lang='lat' dir='ltr'><strong>nihil</strong></span> 
     </span>
     <span class='ocr_line' id='line_1_4' title="bbox 104 301 1555 361; baseline 0.005 -21"><span class='ocrx_word' id='word_1_22' title='bbox 104 315 128 340; x_wconf 87' lang='lat' dir='ltr'>a</span> <span class='ocrx_word' id='word_1_23' title='bbox 159 303 298 342; x_wconf 88' lang='lat' dir='ltr'>nobis.</span> <span class='ocrx_word' id='word_1_24' title='bbox 354 302 598 342; x_wconf 82' lang='lat' dir='ltr'>Subaccusa</span> <span class='ocrx_word' id='word_1_25' title='bbox 628 315 787 354; x_wconf 86' lang='lat' dir='ltr'>quaeso</span> <span class='ocrx_word' id='word_1_26' title='bbox 808 301 1077 343; x_wconf 80' lang='lat' dir='ltr'>Vestorium.</span> <span class='ocrx_word' id='word_1_27' title='bbox 1138 305 1251 356; x_wconf 71' lang='lat' dir='ltr'>Quid</span> <span class='ocrx_word' id='word_1_28' title='bbox 1282 311 1422 347; x_wconf 86' lang='lat' dir='ltr'>minus</span> <span class='ocrx_word' id='word_1_29' title='bbox 1452 322 1555 361; x_wconf 88' lang='lat' dir='ltr'>pro-</span> 
     </span>
     <span class='ocr_line' id='line_1_5' title="bbox 104 357 1555 415; baseline 0.005 -20"><span class='ocrx_word' id='word_1_30' title='bbox 104 357 308 405; x_wconf 79' lang='lat' dir='ltr'>bandum,</span> <span class='ocrx_word' id='word_1_31' title='bbox 355 371 484 410; x_wconf 79' lang='lat' dir='ltr'>quam</span> <span class='ocrx_word' id='word_1_32' title='bbox 527 358 718 395; x_wconf 82' lang='lat' dir='ltr'>Plotium</span> <span class='ocrx_word' id='word_1_33' title='bbox 760 359 1100 411; x_wconf 81' lang='lat' dir='ltr'>unguentarium</span> <span class='ocrx_word' id='word_1_34' title='bbox 1144 374 1222 412; x_wconf 85' lang='lat' dir='ltr'>per</span> <span class='ocrx_word' id='word_1_35' title='bbox 1260 376 1358 401; x_wconf 88' lang='lat' dir='ltr'>suos</span> <span class='ocrx_word' id='word_1_36' title='bbox 1394 376 1555 415; x_wconf 89' lang='lat' dir='ltr'>pueros</span> 
     </span>
     <span class='ocr_line' id='line_1_6' title="bbox 102 412 1553 469; baseline 0.006 -20"><span class='ocrx_word' id='word_1_37' title='bbox 102 414 248 451; x_wconf 82' lang='lat' dir='ltr'>onmia</span> <span class='ocrx_word' id='word_1_38' title='bbox 279 418 400 451; x_wconf 86' lang='lat' dir='ltr'>tanto</span> <span class='ocrx_word' id='word_1_39' title='bbox 431 412 720 458; x_wconf 75' lang='lat' dir='ltr'>ante-Balb03</span> <span class='ocrx_word' id='word_1_40' title='bbox 764 412 892 450; x_wconf 85' lang='lat' dir='ltr'>illum</span> <span class='ocrx_word' id='word_1_41' title='bbox 922 413 983 450; x_wconf 74' lang='lat' dir='ltr'>ini</span> <span class='ocrx_word' id='word_1_42' title='bbox 1012 427 1064 452; x_wconf 90' lang='lat' dir='ltr'>ne</span> <span class='ocrx_word' id='word_1_43' title='bbox 1093 427 1172 466; x_wconf 87' lang='lat' dir='ltr'>per</span> <span class='ocrx_word' id='word_1_44' title='bbox 1201 429 1318 455; x_wconf 85' lang='lat' dir='ltr'>meos</span> <span class='ocrx_word' id='word_1_45' title='bbox 1349 417 1553 469; x_wconf 84' lang='lat' dir='ltr'>quidem?</span> 
     </span>
     <span class='ocr_line' id='line_1_7' title="bbox 102 465 1593 528; baseline 0.003 -24"><span class='ocrx_word' id='word_1_46' title='bbox 102 466 167 506; x_wconf 88' lang='lat' dir='ltr'>De</span> <span class='ocrx_word' id='word_1_47' title='bbox 209 467 408 507; x_wconf 83' lang='lat' dir='ltr'>Cossinio</span> <span class='ocrx_word' id='word_1_48' title='bbox 449 466 601 514; x_wconf 88' lang='lat' dir='ltr'>doleo;</span> <span class='ocrx_word' id='word_1_49' title='bbox 650 465 786 506; x_wconf 77' lang='lat' dir='ltr'>dilexi</span> <span class='ocrx_word' id='word_1_50' title='bbox 825 467 1057 507; x_wconf 84' lang='lat' dir='ltr'>hominem.</span> <span class='ocrx_word' id='word_1_51' title='bbox 1118 472 1280 521; x_wconf 72' lang='lat' dir='ltr'>Quinto</span> <span class='ocrx_word' id='word_1_52' title='bbox 1326 468 1593 528; x_wconf 78' lang='lat' dir='ltr'>delegabo,4</span> 
     </span>
     <span class='ocr_line' id='line_1_8' title="bbox 101 521 1550 578; baseline 0.006 -19"><span class='ocrx_word' id='word_1_53' title='bbox 101 522 138 560; x_wconf 89' lang='lat' dir='ltr'>si</span> <span class='ocrx_word' id='word_1_54' title='bbox 180 521 285 574; x_wconf 88' lang='lat' dir='ltr'>quid</span> <span class='ocrx_word' id='word_1_55' title='bbox 328 523 420 561; x_wconf 86' lang='lat' dir='ltr'>aeri</span> <span class='ocrx_word' id='word_1_56' title='bbox 462 534 558 560; x_wconf 89' lang='lat' dir='ltr'>meo</span> <span class='ocrx_word' id='word_1_57' title='bbox 603 521 748 561; x_wconf 84' lang='lat' dir='ltr'>alieno</span> <span class='ocrx_word' id='word_1_58' title='bbox 799 523 1026 575; x_wconf 82' lang='lat' dir='ltr'>superabit</span> <span class='ocrx_word' id='word_1_59' title='bbox 1063 530 1105 562; x_wconf 87' lang='lat' dir='ltr'>et</span> <span class='ocrx_word' id='word_1_60' title='bbox 1147 528 1461 578; x_wconf 80' lang='lat' dir='ltr'>emptionibus3</span> <span class='ocrx_word' id='word_1_61' title='bbox 1499 541 1550 567; x_wconf 81' lang='lat' dir='ltr'>ex</span> 
     </span>
     <span class='ocr_line' id='line_1_9' title="bbox 101 576 1550 632; baseline 0.006 -18"><span class='ocrx_word' id='word_1_62' title='bbox 101 577 257 628; x_wconf 88' lang='lat' dir='ltr'>quibus</span> <span class='ocrx_word' id='word_1_63' title='bbox 287 577 348 615; x_wconf 78' lang='lat' dir='ltr'>mi</span> <span class='ocrx_word' id='word_1_64' title='bbox 378 576 509 615; x_wconf 84' lang='lat' dir='ltr'>etiam</span> <span class='ocrx_word' id='word_1_65' title='bbox 539 589 609 615; x_wconf 81' lang='lat' dir='ltr'>aes</span> <span class='ocrx_word' id='word_1_66' title='bbox 639 577 832 615; x_wconf 77' lang='lat' dir='ltr'>alienum</span> <span class='ocrx_word' id='word_1_67' title='bbox 862 577 1108 616; x_wconf 81' lang='lat' dir='ltr'>faciendum</span> <span class='ocrx_word' id='word_1_68' title='bbox 1137 587 1255 632; x_wconf 87' lang='lat' dir='ltr'>puto.</span> <span class='ocrx_word' id='word_1_69' title='bbox 1328 581 1392 620; x_wconf 88' lang='lat' dir='ltr'>De</span> <span class='ocrx_word' id='word_1_70' title='bbox 1422 580 1550 622; x_wconf 79' lang='lat' dir='ltr'>domo</span> 
     </span>
     <span class='ocr_line' id='line_1_10' title="bbox 99 631 1592 685; baseline 0.003 -16"><span class='ocrx_word' id='word_1_71' title='bbox 99 631 271 683; x_wconf 79' lang='lat' dir='ltr'>Arpini,</span> <span class='ocrx_word' id='word_1_72' title='bbox 302 631 413 670; x_wconf 89' lang='lat' dir='ltr'>nihil</span> <span class='ocrx_word' id='word_1_73' title='bbox 437 633 542 670; x_wconf 89' lang='lat' dir='ltr'>scio.</span> <span class='ocrx_word' id='word_1_74' title='bbox 593 631 851 670; x_wconf 82' lang='lat' dir='ltr'>Vestorium</span> <span class='ocrx_word' id='word_1_75' title='bbox 873 632 983 670; x_wconf 86' lang='lat' dir='ltr'>nihil</span> <span class='ocrx_word' id='word_1_76' title='bbox 1006 639 1070 671; x_wconf 89' lang='lat' dir='ltr'>est</span> <span class='ocrx_word' id='word_1_77' title='bbox 1091 634 1207 685; x_wconf 85' lang='lat' dir='ltr'>quod</span> <span class='ocrx_word' id='word_1_78' title='bbox 1227 649 1414 677; x_wconf 75' lang='lat' dir='ltr'>accuses.</span> <span class='ocrx_word' id='word_1_79' title='bbox 1462 637 1549 677; x_wconf 82' lang='lat' dir='ltr'>Iam</span> <span class='ocrx_word' id='word_1_80' title='bbox 1565 634 1592 674; x_wconf 84' lang='lat'>5</span> 
     </span>
     <span class='ocr_line' id='line_1_11' title="bbox 99 686 1551 741; baseline 0.004 -16"><span class='ocrx_word' id='word_1_81' title='bbox 99 687 214 725; x_wconf 88' lang='lat' dir='ltr'>enim</span> <span class='ocrx_word' id='word_1_82' title='bbox 247 686 474 741; x_wconf 82' lang='lat' dir='ltr'>obsignata</span> <span class='ocrx_word' id='word_1_83' title='bbox 505 686 586 724; x_wconf 84' lang='lat' dir='ltr'>hac</span> <span class='ocrx_word' id='word_1_84' title='bbox 615 687 816 740; x_wconf 82' lang='lat' dir='ltr'>epistola,</span> <span class='ocrx_word' id='word_1_85' title='bbox 847 694 981 726; x_wconf 87' lang='lat' dir='ltr'>noctu</span> <span class='ocrx_word' id='word_1_86' title='bbox 1011 688 1269 728; x_wconf 81' lang='lat' dir='ltr'>tabellarius</span> <span class='ocrx_word' id='word_1_87' title='bbox 1299 698 1448 730; x_wconf 81' lang='lat' dir='ltr'>noster</span> <span class='ocrx_word' id='word_1_88' title='bbox 1476 705 1551 731; x_wconf 76' lang='lat' dir='ltr'>ve-</span> 
     </span>
     <span class='ocr_line' id='line_1_12' title="bbox 97 741 1549 796; baseline 0.006 -18"><span class='ocrx_word' id='word_1_89' title='bbox 97 742 163 779; x_wconf 88' lang='lat' dir='ltr'>nit</span> <span class='ocrx_word' id='word_1_90' title='bbox 193 747 235 780; x_wconf 87' lang='lat' dir='ltr'>et</span> <span class='ocrx_word' id='word_1_91' title='bbox 266 741 318 779; x_wconf 89' lang='lat' dir='ltr'>ab</span> <span class='ocrx_word' id='word_1_92' title='bbox 351 754 401 780; x_wconf 88' lang='lat' dir='ltr'>eo</span> <span class='ocrx_word' id='word_1_93' title='bbox 442 741 595 779; x_wconf 79' lang='lat' dir='ltr'>literas</span> <span class='ocrx_word' id='word_1_94' title='bbox 634 741 873 796; x_wconf 82' lang='lat' dir='ltr'>diligenter</span> <span class='ocrx_word' id='word_1_95' title='bbox 911 743 1095 795; x_wconf 80' lang='lat' dir='ltr'>scriptas</span> <span class='ocrx_word' id='word_1_96' title='bbox 1134 745 1286 784; x_wconf 80' lang='lat' dir='ltr'>attulit</span> <span class='ocrx_word' id='word_1_97' title='bbox 1327 752 1368 785; x_wconf 90' lang='lat' dir='ltr'>et</span> <span class='ocrx_word' id='word_1_98' title='bbox 1406 760 1549 786; x_wconf 85' lang='lat' dir='ltr'>exem-</span> 
     </span>
    </p>
   </div>
   <div class='ocr_carea' id='block_1_3' title="bbox 96 796 507 848">
    <p class='ocr_par' dir='ltr' id='par_1_3' title="bbox 96 796 507 848">
     <span class='ocr_line' id='line_1_13' title="bbox 96 796 507 848; baseline 0 -14"><span class='ocrx_word' id='word_1_99' title='bbox 96 796 216 848; x_wconf 85' lang='lat' dir='ltr'>plum</span> <span class='ocrx_word' id='word_1_100' title='bbox 245 797 507 836; x_wconf 75' lang='lat' dir='ltr'>testamenti.</span> 
     </span>
    </p>
   </div>
   <div class='ocr_carea' id='block_1_4' title="bbox 162 981 1479 1117">
    <p class='ocr_par' dir='ltr' id='par_1_4' title="bbox 162 981 1479 1117">
     <span class='ocr_line' id='line_1_14' title="bbox 237 981 1407 1047; baseline 0.005 -18"><span class='ocrx_word' id='word_1_101' title='bbox 237 981 555 1032; x_wconf 85' lang='lat' dir='ltr'>EPISTOLA</span> <span class='ocrx_word' id='word_1_102' title='bbox 590 982 825 1030; x_wconf 88' lang='lat' dir='ltr'>DCXXX.</span> <span class='ocrx_word' id='word_1_103' title='bbox 889 982 967 1040; x_wconf 85' lang='lat' dir='ltr'>(ad</span> <span class='ocrx_word' id='word_1_104' title='bbox 1004 982 1103 1031; x_wconf 68' lang='lat' dir='ltr'>Ait.</span> <span class='ocrx_word' id='word_1_105' title='bbox 1141 985 1273 1031; x_wconf 90' lang='lat' dir='ltr'>XIII.</span> <span class='ocrx_word' id='word_1_106' title='bbox 1309 989 1407 1047; x_wconf 70' lang='lat'><strong>34.)</strong></span> 
     </span>
     <span class='ocr_line' id='line_1_15' title="bbox 162 1067 1479 1117; baseline 0.006 -15"><span class='ocrx_word' id='word_1_107' title='bbox 162 1067 244 1106; x_wconf 72' lang='lat' dir='ltr'>scr.</span> <span class='ocrx_word' id='word_1_108' title='bbox 273 1071 431 1105; x_wconf 66' lang='lat' dir='ltr'>Asturae</span> <span class='ocrx_word' id='word_1_109' title='bbox 458 1075 541 1114; x_wconf 68' lang='lat' dir='ltr'>post</span> <span class='ocrx_word' id='word_1_110' title='bbox 566 1071 670 1103; x_wconf 84' lang='lat' dir='ltr'>vm.</span> <span class='ocrx_word' id='word_1_111' title='bbox 698 1070 780 1104; x_wconf 76' lang='lat' dir='ltr'><strong>Kal.</strong></span> <span class='ocrx_word' id='word_1_112' title='bbox 808 1070 908 1114; x_wconf 73' lang='lat' dir='ltr'>sept.</span> <span class='ocrx_word' id='word_1_113' title='bbox 938 1071 979 1103; x_wconf 82' lang='grc' dir='ltr'>Α.</span> <span class='ocrx_word' id='word_1_114' title='bbox 1008 1071 1052 1105; x_wconf 87' lang='lat' dir='ltr'>U.</span> <span class='ocrx_word' id='word_1_115' title='bbox 1080 1071 1120 1105; x_wconf 79' lang='lat' dir='ltr'>c,</span> <span class='ocrx_word' id='word_1_116' title='bbox 1150 1074 1229 1107; x_wconf 81' lang='lat'><strong>709.</strong></span> <span class='ocrx_word' id='word_1_117' title='bbox 1263 1076 1309 1113; x_wconf 75' lang='lat' dir='ltr'>(a.</span> <span class='ocrx_word' id='word_1_118' title='bbox 1339 1075 1376 1109; x_wconf 86' lang='lat' dir='ltr'>C.</span> <span class='ocrx_word' id='word_1_119' title='bbox 1404 1077 1479 1117; x_wconf 58' lang='lat'>25.)</span> 
     </span>
    </p>
   </div>
   <div class='ocr_carea' id='block_1_5' title="bbox 91 1140 1544 1196">
    <p class='ocr_par' dir='ltr' id='par_1_5' title="bbox 91 1140 1544 1196">
     <span class='ocr_line' id='line_1_16' title="bbox 91 1140 1544 1196; baseline 0.005 -22"><span class='ocrx_word' id='word_1_120' title='bbox 91 1140 234 1175; x_wconf 80' lang='lat' dir='ltr'>Scribit</span> <span class='ocrx_word' id='word_1_121' title='bbox 271 1154 309 1176; x_wconf 89' lang='lat' dir='ltr'>se</span> <span class='ocrx_word' id='word_1_122' title='bbox 336 1143 511 1176; x_wconf 83' lang='lat' dir='ltr'>Asturam</span> <span class='ocrx_word' id='word_1_123' title='bbox 549 1141 695 1175; x_wconf 86' lang='lat' dir='ltr'>venisse</span> <span class='ocrx_word' id='word_1_124' title='bbox 732 1142 922 1186; x_wconf 83' lang='lat' dir='ltr'>petitque,</span> <span class='ocrx_word' id='word_1_125' title='bbox 961 1146 1002 1174; x_wconf 90' lang='lat' dir='ltr'>ut</span> <span class='ocrx_word' id='word_1_126' title='bbox 1037 1154 1124 1176; x_wconf 92' lang='lat' dir='ltr'>cum</span> <span class='ocrx_word' id='word_1_127' title='bbox 1152 1145 1316 1179; x_wconf 83' lang='lat' dir='ltr'>Publilio</span> <span class='ocrx_word' id='word_1_128' title='bbox 1352 1148 1544 1196; x_wconf 76' lang='lat' dir='ltr'>transigat.</span> 
     </span>
    </p>
   </div>
   <div class='ocr_carea' id='block_1_6' title="bbox 200 1212 1545 1330">
    <p class='ocr_par' dir='ltr' id='par_1_6' title="bbox 200 1212 1545 1330">
     <span class='ocr_line' id='line_1_17' title="bbox 584 1212 1058 1248; baseline 0.002 -2"><span class='ocrx_word' id='word_1_129' title='bbox 584 1212 761 1246; x_wconf 81' lang='lat' dir='ltr'>CICERO</span> <span class='ocrx_word' id='word_1_130' title='bbox 804 1212 981 1246; x_wconf 87' lang='lat' dir='ltr'>ATTICO</span> <span class='ocrx_word' id='word_1_131' title='bbox 1024 1212 1058 1248; x_wconf 86' lang='lat' dir='ltr'>S.</span> 
     </span>
     <span class='ocr_line' id='line_1_18' title="bbox 200 1283 1545 1330; baseline 0.003 -4"><span class='ocrx_word' id='word_1_132' title='bbox 200 1285 407 1326; x_wconf 84' lang='lat' dir='ltr'>Asturam</span> <span class='ocrx_word' id='word_1_133' title='bbox 438 1287 540 1325; x_wconf 78' lang='lat' dir='ltr'>veni</span> <span class='ocrx_word' id='word_1_134' title='bbox 570 1300 671 1325; x_wconf 79' lang='lat' dir='ltr'>vm.</span> <span class='ocrx_word' id='word_1_135' title='bbox 701 1283 801 1324; x_wconf 80' lang='lat' dir='ltr'>Kal.</span> <span class='ocrx_word' id='word_1_136' title='bbox 859 1283 1043 1323; x_wconf 84' lang='lat' dir='ltr'>Vitandi</span> <span class='ocrx_word' id='word_1_137' title='bbox 1078 1286 1192 1324; x_wconf 83' lang='lat' dir='ltr'>enirn</span> <span class='ocrx_word' id='word_1_138' title='bbox 1223 1289 1384 1328; x_wconf 79' lang='lat' dir='ltr'>caloris</span> <span class='ocrx_word' id='word_1_139' title='bbox 1416 1304 1545 1330; x_wconf 79' lang='lat' dir='ltr'>causa</span> 
     </span>
    </p>
   </div>
   <div class='ocr_carea' id='block_1_7' title="bbox 766 1375 1557 1390">
    <p class='ocr_par' dir='ltr' id='par_1_7' title="bbox 766 1375 1557 1390">
     <span class='ocr_line' id='line_1_19' title="bbox 766 1375 1557 1390; baseline 0 1691"><span class='ocrx_word' id='word_1_140' title='bbox 766 1375 1557 1390; x_wconf 95' lang='lat' dir='ltr'> </span> 
     </span>
    </p>
   </div>
   <div class='ocr_carea' id='block_1_8' title="bbox 80 1375 764 1391">
    <p class='ocr_par' dir='ltr' id='par_1_8' title="bbox 80 1375 764 1391">
     <span class='ocr_line' id='line_1_20' title="bbox 80 1375 764 1391; baseline 0 1690"><span class='ocrx_word' id='word_1_141' title='bbox 80 1375 764 1391; x_wconf 95' lang='lat' dir='ltr'> </span> 
     </span>
    </p>
   </div>
   <div class='ocr_carea' id='block_1_9' title="bbox 83 1422 1545 1944">
    <p class='ocr_par' dir='ltr' id='par_1_9' title="bbox 83 1422 1545 1944">
     <span class='ocr_line' id='line_1_21' title="bbox 90 1422 1545 1468; baseline 0.003 -12"><span class='ocrx_word' id='word_1_142' title='bbox 90 1424 256 1457; x_wconf 76' lang='lat' dir='ltr'>Cluvium</span> <span class='ocrx_word' id='word_1_143' title='bbox 281 1429 401 1457; x_wconf 73' lang='lat' dir='ltr'>autem</span> <span class='ocrx_word' id='word_1_144' title='bbox 435 1424 518 1457; x_wconf 86' lang='lat' dir='ltr'>scil.</span> <span class='ocrx_word' id='word_1_145' title='bbox 558 1423 692 1456; x_wconf 80' lang='lat' dir='ltr'>Balbus</span> <span class='ocrx_word' id='word_1_146' title='bbox 725 1422 823 1455; x_wconf 79' lang='lat' dir='ltr'>mihi</span> <span class='ocrx_word' id='word_1_147' title='bbox 859 1422 966 1456; x_wconf 81' lang='lat' dir='ltr'>dixit.</span> <span class='ocrx_word' id='word_1_148' title='bbox 1002 1441 1049 1447; x_wconf 90' lang='lat'>-—</span> <span class='ocrx_word' id='word_1_149' title='bbox 1082 1425 1203 1468; x_wconf 74' lang='lat' dir='ltr'>legare</span> <span class='ocrx_word' id='word_1_150' title='bbox 1239 1424 1263 1458; x_wconf 89' lang='lat' dir='ltr'>i.</span> <span class='ocrx_word' id='word_1_151' title='bbox 1292 1437 1323 1459; x_wconf 90' lang='lat' dir='ltr'>e.</span> <span class='ocrx_word' id='word_1_152' title='bbox 1360 1427 1401 1459; x_wconf 88' lang='lat' dir='ltr'>in</span> <span class='ocrx_word' id='word_1_153' title='bbox 1436 1433 1545 1461; x_wconf 85' lang='lat' dir='ltr'>testa-</span> 
     </span>
     <span class='ocr_line' id='line_1_22' title="bbox 88 1470 1545 1516; baseline 0.004 -13"><span class='ocrx_word' id='word_1_154' title='bbox 88 1478 218 1505; x_wconf 86' lang='lat' dir='ltr'>mento</span> <span class='ocrx_word' id='word_1_155' title='bbox 253 1472 462 1516; x_wconf 82' lang='lat' dir='ltr'>scripsisse,</span> <span class='ocrx_word' id='word_1_156' title='bbox 496 1476 537 1503; x_wconf 88' lang='lat' dir='ltr'>ut</span> <span class='ocrx_word' id='word_1_157' title='bbox 571 1471 682 1504; x_wconf 86' lang='lat' dir='ltr'>heres</span> <span class='ocrx_word' id='word_1_158' title='bbox 710 1470 953 1504; x_wconf 85' lang='lat' dir='ltr'>Hordeonius</span> <span class='ocrx_word' id='word_1_159' title='bbox 987 1471 1155 1504; x_wconf 79' lang='lat' dir='ltr'>solveret</span> <span class='ocrx_word' id='word_1_160' title='bbox 1181 1471 1384 1508; x_wconf 86' lang='lat' dir='ltr'>Terentiae</span> <span class='ocrx_word' id='word_1_161' title='bbox 1410 1480 1545 1509; x_wconf 80' lang='lat' dir='ltr'>sester-</span> 
     </span>
     <span class='ocr_line' id='line_1_23' title="bbox 85 1517 1543 1566; baseline 0.004 -16"><span class='ocrx_word' id='word_1_162' title='bbox 85 1519 180 1551; x_wconf 77' lang='lat' dir='ltr'>tium</span> <span class='ocrx_word' id='word_1_163' title='bbox 208 1519 484 1566; x_wconf 82' lang='lat' dir='ltr'>quinquaginta</span> <span class='ocrx_word' id='word_1_164' title='bbox 511 1519 638 1551; x_wconf 88' lang='lat' dir='ltr'>millia</span> <span class='ocrx_word' id='word_1_165' title='bbox 665 1523 701 1552; x_wconf 92' lang='lat' dir='ltr'>et</span> <span class='ocrx_word' id='word_1_166' title='bbox 726 1518 946 1562; x_wconf 87' lang='lat' dir='ltr'>sepulcrum</span> <span class='ocrx_word' id='word_1_167' title='bbox 972 1517 1043 1550; x_wconf 83' lang='lat' dir='ltr'>sibi</span> <span class='ocrx_word' id='word_1_168' title='bbox 1068 1523 1231 1553; x_wconf 85' lang='lat' dir='ltr'>strueret</span> <span class='ocrx_word' id='word_1_169' title='bbox 1259 1525 1294 1553; x_wconf 87' lang='lat' dir='ltr'>et</span> <span class='ocrx_word' id='word_1_170' title='bbox 1320 1521 1393 1554; x_wconf 80' lang='lat' dir='ltr'>alia</span> <span class='ocrx_word' id='word_1_171' title='bbox 1423 1523 1543 1557; x_wconf 87' lang='lat' dir='ltr'>multa</span> 
     </span>
     <span class='ocr_line' id='line_1_24' title="bbox 86 1566 1542 1613; baseline 0.004 -15"><span class='ocrx_word' id='word_1_172' title='bbox 86 1572 237 1599; x_wconf 84' lang='lat' dir='ltr'>curaret</span> <span class='ocrx_word' id='word_1_173' title='bbox 272 1578 291 1600; x_wconf 91' lang='lat' dir='ltr'>e</span> <span class='ocrx_word' id='word_1_174' title='bbox 332 1566 510 1611; x_wconf 78' lang='lat' dir='ltr'>portione</span> <span class='ocrx_word' id='word_1_175' title='bbox 549 1578 623 1599; x_wconf 85' lang='lat' dir='ltr'>sua.</span> <span class='ocrx_word' id='word_1_176' title='bbox 658 1584 704 1590; x_wconf 89' lang='lat'>-</span> <span class='ocrx_word' id='word_1_177' title='bbox 754 1567 859 1599; x_wconf 72' lang='lat' dir='ltr'>Nihil</span> <span class='ocrx_word' id='word_1_178' title='bbox 890 1579 912 1598; x_wconf 85' lang='grc' dir='ltr'><em>α</em></span> <span class='ocrx_word' id='word_1_179' title='bbox 937 1567 1039 1599; x_wconf 72' lang='lat' dir='ltr'>nohis</span> <span class='ocrx_word' id='word_1_180' title='bbox 1072 1566 1094 1599; x_wconf 87' lang='lat' dir='ltr'>i.</span> <span class='ocrx_word' id='word_1_181' title='bbox 1123 1578 1154 1600; x_wconf 90' lang='lat' dir='ltr'>e.</span> <span class='ocrx_word' id='word_1_182' title='bbox 1180 1578 1301 1600; x_wconf 76' lang='lat' dir='ltr'>meam</span> <span class='ocrx_word' id='word_1_183' title='bbox 1328 1570 1542 1613; x_wconf 75' lang='lat' dir='ltr'>portionem</span> 
     </span>
     <span class='ocr_line' id='line_1_25' title="bbox 85 1614 1543 1661; baseline 0.004 -16"><span class='ocrx_word' id='word_1_184' title='bbox 85 1614 194 1646; x_wconf 86' lang='lat' dir='ltr'>nullo</span> <span class='ocrx_word' id='word_1_185' title='bbox 227 1614 352 1661; x_wconf 81' lang='lat' dir='ltr'>legato</span> <span class='ocrx_word' id='word_1_186' title='bbox 389 1614 577 1647; x_wconf 80' lang='lat' dir='ltr'>oneravit.</span> <span class='ocrx_word' id='word_1_187' title='bbox 618 1614 835 1647; x_wconf 78' lang='lat' dir='ltr'>ERNESTI.</span> <span class='ocrx_word' id='word_1_188' title='bbox 878 1632 920 1637; x_wconf 97' lang='lat'><strong>—</strong></span> <span class='ocrx_word' id='word_1_189' title='bbox 959 1615 1152 1658; x_wconf 71' lang='lat' dir='ltr'>multisque</span> <span class='ocrx_word' id='word_1_190' title='bbox 1184 1617 1285 1649; x_wconf 76' lang='lat' dir='ltr'>rebus</span> <span class='ocrx_word' id='word_1_191' title='bbox 1324 1628 1401 1650; x_wconf 90' lang='lat' dir='ltr'>non</span> <span class='ocrx_word' id='word_1_192' title='bbox 1438 1623 1543 1651; x_wconf 81' lang='lat' dir='ltr'>caret</span> 
     </span>
     <span class='ocr_line' id='line_1_26' title="bbox 84 1661 1541 1708; baseline 0.003 -15"><span class='ocrx_word' id='word_1_193' title='bbox 84 1661 311 1705; x_wconf 85' lang='lat' dir='ltr'>suspicione.</span> <span class='ocrx_word' id='word_1_194' title='bbox 365 1661 463 1703; x_wconf 79' lang='lat' dir='ltr'>Quae</span> <span class='ocrx_word' id='word_1_195' title='bbox 500 1661 599 1694; x_wconf 84' lang='lat' dir='ltr'>enim</span> <span class='ocrx_word' id='word_1_196' title='bbox 640 1667 676 1693; x_wconf 86' lang='lat' dir='ltr'>et</span> <span class='ocrx_word' id='word_1_197' title='bbox 717 1662 845 1704; x_wconf 82' lang='lat' dir='ltr'>quales</span> <span class='ocrx_word' id='word_1_198' title='bbox 883 1661 975 1693; x_wconf 82' lang='lat' dir='ltr'>istae</span> <span class='ocrx_word' id='word_1_199' title='bbox 1018 1673 1072 1694; x_wconf 78' lang='lat' dir='ltr'>res</span> <span class='ocrx_word' id='word_1_200' title='bbox 1106 1667 1258 1705; x_wconf 77' lang='lat' dir='ltr'>praeter</span> <span class='ocrx_word' id='word_1_201' title='bbox 1294 1665 1541 1708; x_wconf 84' lang='lat' dir='ltr'>sepulcrum?</span> 
     </span>
     <span class='ocr_line' id='line_1_27' title="bbox 85 1708 1542 1754; baseline 0.004 -15"><span class='ocrx_word' id='word_1_202' title='bbox 85 1709 156 1740; x_wconf 86' lang='lat' dir='ltr'>nisi</span> <span class='ocrx_word' id='word_1_203' title='bbox 180 1710 280 1742; x_wconf 86' lang='lat' dir='ltr'>forte</span> <span class='ocrx_word' id='word_1_204' title='bbox 304 1710 515 1754; x_wconf 71' lang='lat' dir='ltr'>parentalia</span> <span class='ocrx_word' id='word_1_205' title='bbox 542 1714 633 1741; x_wconf 83' lang='lat' dir='ltr'>stata</span> <span class='ocrx_word' id='word_1_206' title='bbox 661 1709 722 1742; x_wconf 86' lang='lat' dir='ltr'>die</span> <span class='ocrx_word' id='word_1_207' title='bbox 749 1708 933 1749; x_wconf 84' lang='lat' dir='ltr'>facienda,</span> <span class='ocrx_word' id='word_1_208' title='bbox 969 1709 1319 1753; x_wconf 77' lang='lat' dir='ltr'>sportularumque,</span> <span class='ocrx_word' id='word_1_209' title='bbox 1355 1713 1542 1746; x_wconf 83' lang='lat' dir='ltr'>crustulo-</span> 
     </span>
     <span class='ocr_line' id='line_1_28' title="bbox 84 1756 1540 1803; baseline 0.003 -15"><span class='ocrx_word' id='word_1_210' title='bbox 84 1768 170 1789; x_wconf 88' lang='lat' dir='ltr'>rum</span> <span class='ocrx_word' id='word_1_211' title='bbox 198 1763 234 1790; x_wconf 89' lang='lat' dir='ltr'>et</span> <span class='ocrx_word' id='word_1_212' title='bbox 260 1757 373 1790; x_wconf 89' lang='lat' dir='ltr'>mulsi</span> <span class='ocrx_word' id='word_1_213' title='bbox 400 1756 551 1797; x_wconf 81' lang='lat' dir='ltr'>divisio,</span> <span class='ocrx_word' id='word_1_214' title='bbox 580 1761 620 1788; x_wconf 85' lang='lat' dir='ltr'>ut</span> <span class='ocrx_word' id='word_1_215' title='bbox 647 1762 702 1789; x_wconf 89' lang='lat' dir='ltr'>est</span> <span class='ocrx_word' id='word_1_216' title='bbox 729 1768 837 1801; x_wconf 73' lang='lat' dir='ltr'>saepe</span> <span class='ocrx_word' id='word_1_217' title='bbox 874 1757 914 1788; x_wconf 88' lang='lat' dir='ltr'>in</span> <span class='ocrx_word' id='word_1_218' title='bbox 947 1756 1142 1800; x_wconf 87' lang='lat' dir='ltr'>Inscriptt.</span> <span class='ocrx_word' id='word_1_219' title='bbox 1185 1756 1299 1790; x_wconf 87' lang='lat' dir='ltr'>Venit</span> <span class='ocrx_word' id='word_1_220' title='bbox 1335 1759 1540 1803; x_wconf 75' lang='lat' dir='ltr'>aliquando</span> 
     </span>
     <span class='ocr_line' id='line_1_29' title="bbox 83 1803 1540 1850; baseline 0.003 -14"><span class='ocrx_word' id='word_1_221' title='bbox 83 1804 122 1836; x_wconf 88' lang='lat' dir='ltr'>in</span> <span class='ocrx_word' id='word_1_222' title='bbox 148 1810 334 1838; x_wconf 85' lang='lat' dir='ltr'>mentem:</span> <span class='ocrx_word' id='word_1_223' title='bbox 361 1806 553 1849; x_wconf 69' lang='lat' dir='ltr'>multisque</span> <span class='ocrx_word' id='word_1_224' title='bbox 578 1805 776 1845; x_wconf 76' lang='lat' dir='ltr'>heredibus,</span> <span class='ocrx_word' id='word_1_225' title='bbox 804 1805 884 1837; x_wconf 85' lang='lat' dir='ltr'>scil.</span> <span class='ocrx_word' id='word_1_226' title='bbox 913 1803 1117 1850; x_wconf 70' lang='lat' dir='ltr'>legatariis.</span> <span class='ocrx_word' id='word_1_227' title='bbox 1148 1806 1337 1839; x_wconf 78' lang='lat' dir='ltr'>ORELLI.</span> <span class='ocrx_word' id='word_1_228' title='bbox 1364 1826 1410 1831; x_wconf 84' lang='lat'>——</span> <span class='ocrx_word' id='word_1_229' title='bbox 1450 1809 1540 1841; x_wconf 79' lang='lat' dir='ltr'><em>Sub-</em></span> 
     </span>
     <span class='ocr_line' id='line_1_30' title="bbox 83 1851 1539 1898; baseline 0.003 -13"><span class='ocrx_word' id='word_1_230' title='bbox 83 1863 223 1893; x_wconf 65' lang='lat' dir='ltr'>aoeusa,</span> <span class='ocrx_word' id='word_1_231' title='bbox 266 1851 383 1884; x_wconf 84' lang='lat' dir='ltr'>schilt</span> <span class='ocrx_word' id='word_1_232' title='bbox 423 1851 487 1885; x_wconf 89' lang='lat' dir='ltr'>ein</span> <span class='ocrx_word' id='word_1_233' title='bbox 527 1851 656 1898; x_wconf 75' lang='lat' dir='ltr'>wenig</span> <span class='ocrx_word' id='word_1_234' title='bbox 690 1863 763 1887; x_wconf 78' lang='lat' dir='ltr'>aus,</span> <span class='ocrx_word' id='word_1_235' title='bbox 801 1871 842 1876; x_wconf 96' lang='lat'><strong>—</strong></span> <span class='ocrx_word' id='word_1_236' title='bbox 878 1856 982 1884; x_wconf 78' lang='lat' dir='ltr'>tanto</span> <span class='ocrx_word' id='word_1_237' title='bbox 1016 1856 1100 1885; x_wconf 78' lang='lat' dir='ltr'>aute</span> <span class='ocrx_word' id='word_1_238' title='bbox 1125 1853 1238 1886; x_wconf 78' lang='lat' dir='ltr'>Balbo</span> <span class='ocrx_word' id='word_1_239' title='bbox 1264 1855 1465 1891; x_wconf 86' lang='lat' dir='ltr'>nuntiasse.</span> <span class='ocrx_word' id='word_1_240' title='bbox 1492 1874 1539 1880; x_wconf 94' lang='lat'><strong>—</strong></span> 
     </span>
     <span class='ocr_line' id='line_1_31' title="bbox 83 1899 922 1944; baseline -0.002 -10"><span class='ocrx_word' id='word_1_241' title='bbox 83 1902 200 1941; x_wconf 85' lang='lat' dir='ltr'>illum,</span> <span class='ocrx_word' id='word_1_242' title='bbox 226 1899 453 1932; x_wconf 84' lang='lat' dir='ltr'>Vestorium.</span> <span class='ocrx_word' id='word_1_243' title='bbox 480 1917 526 1922; x_wconf 90' lang='lat'>—</span> <span class='ocrx_word' id='word_1_244' title='bbox 553 1900 694 1944; x_wconf 80' lang='lat' dir='ltr'>quidem</span> <span class='ocrx_word' id='word_1_245' title='bbox 719 1899 922 1932; x_wconf 86' lang='lat' dir='ltr'>nuntiasse.</span> 
     </span>
    </p>
   </div>
   <div class='ocr_carea' id='block_1_10' title="bbox 78 1957 1537 2388">
    <p class='ocr_par' dir='ltr' id='par_1_10' title="bbox 78 1957 1537 2388">
     <span class='ocr_line' id='line_1_32' title="bbox 174 1957 1535 2006; baseline 0.002 -13"><span class='ocrx_word' id='word_1_246' title='bbox 174 1960 280 1993; x_wconf 72' lang='lat'>4-5.</span> <span class='ocrx_word' id='word_1_247' title='bbox 315 1960 369 1990; x_wconf 76' lang='lat' dir='ltr'>De</span> <span class='ocrx_word' id='word_1_248' title='bbox 396 1959 554 1992; x_wconf 74' lang='lat' dir='ltr'>Cossinio</span> <span class='ocrx_word' id='word_1_249' title='bbox 579 1957 638 1991; x_wconf 89' lang='lat' dir='ltr'>his</span> <span class='ocrx_word' id='word_1_250' title='bbox 664 1958 794 1992; x_wconf 76' lang='lat' dir='ltr'>(liebus</span> <span class='ocrx_word' id='word_1_251' title='bbox 820 1963 982 1992; x_wconf 84' lang='lat' dir='ltr'>mortuo.</span> <span class='ocrx_word' id='word_1_252' title='bbox 1031 1958 1099 1991; x_wconf 75' lang='lat' dir='ltr'>Est</span> <span class='ocrx_word' id='word_1_253' title='bbox 1125 1963 1247 1992; x_wconf 85' lang='lat' dir='ltr'>autem</span> <span class='ocrx_word' id='word_1_254' title='bbox 1272 1961 1311 1994; x_wconf 80' lang='lat' dir='ltr'>L.</span> <span class='ocrx_word' id='word_1_255' title='bbox 1331 1960 1535 2006; x_wconf 83' lang='lat' dir='ltr'>Cossinius,</span> 
     </span>
     <span class='ocr_line' id='line_1_33' title="bbox 81 2005 1537 2051; baseline -0.003 -11"><span class='ocrx_word' id='word_1_256' title='bbox 81 2007 187 2041; x_wconf 85' lang='lat' dir='ltr'>cuius</span> <span class='ocrx_word' id='word_1_257' title='bbox 213 2007 394 2040; x_wconf 76' lang='lat' dir='ltr'>libertum</span> <span class='ocrx_word' id='word_1_258' title='bbox 421 2018 477 2051; x_wconf 90' lang='lat' dir='ltr'>ep.</span> <span class='ocrx_word' id='word_1_259' title='bbox 505 2008 584 2041; x_wconf 66' lang='lat'><strong>491.</strong></span> <span class='ocrx_word' id='word_1_260' title='bbox 628 2005 760 2040; x_wconf 84' lang='lat' dir='ltr'>Servio</span> <span class='ocrx_word' id='word_1_261' title='bbox 787 2005 1131 2042; x_wconf 75' lang='lat' dir='ltr'>commendaverat,</span> <span class='ocrx_word' id='word_1_262' title='bbox 1167 2025 1208 2032; x_wconf 85' lang='lat'>-</span> <span class='ocrx_word' id='word_1_263' title='bbox 1244 2009 1425 2051; x_wconf 61' lang='lat' dir='ltr'>delegabo,</span> <span class='ocrx_word' id='word_1_264' title='bbox 1461 2015 1537 2043; x_wconf 70' lang='lat' dir='ltr'>tra-</span> 
     </span>
     <span class='ocr_line' id='line_1_34' title="bbox 81 2053 1536 2098; baseline 0.001 -11"><span class='ocrx_word' id='word_1_265' title='bbox 81 2055 178 2097; x_wconf 84' lang='lat' dir='ltr'>dam,</span> <span class='ocrx_word' id='word_1_266' title='bbox 207 2053 271 2087; x_wconf 85' lang='lat' dir='ltr'>ich</span> <span class='ocrx_word' id='word_1_267' title='bbox 296 2054 382 2086; x_wconf 83' lang='lat' dir='ltr'>will</span> <span class='ocrx_word' id='word_1_268' title='bbox 409 2053 492 2087; x_wconf 86' lang='lat' dir='ltr'>dem</span> <span class='ocrx_word' id='word_1_269' title='bbox 521 2054 558 2096; x_wconf 78' lang='lat' dir='ltr'>Q.</span> <span class='ocrx_word' id='word_1_270' title='bbox 582 2054 787 2097; x_wconf 80' lang='lat' dir='ltr'>anweisen,</span> <span class='ocrx_word' id='word_1_271' title='bbox 815 2053 1040 2087; x_wconf 79' lang='lat' dir='ltr'>zuwenden.</span> <span class='ocrx_word' id='word_1_272' title='bbox 1066 2073 1112 2078; x_wconf 96' lang='lat'><strong>—</strong></span> <span class='ocrx_word' id='word_1_273' title='bbox 1137 2056 1172 2087; x_wconf 80' lang='lat' dir='ltr'>si</span> <span class='ocrx_word' id='word_1_274' title='bbox 1191 2057 1289 2098; x_wconf 79' lang='lat' dir='ltr'>quid,</span> <span class='ocrx_word' id='word_1_275' title='bbox 1317 2056 1410 2090; x_wconf 76' lang='lat' dir='ltr'>VVas</span> <span class='ocrx_word' id='word_1_276' title='bbox 1439 2062 1536 2092; x_wconf 86' lang='lat' dir='ltr'>etwa</span> 
     </span>
     <span class='ocr_line' id='line_1_35' title="bbox 79 2100 1535 2148; baseline 0.002 -13"><span class='ocrx_word' id='word_1_277' title='bbox 79 2101 178 2136; x_wconf 85' lang='lat' dir='ltr'>nach</span> <span class='ocrx_word' id='word_1_278' title='bbox 215 2101 439 2148; x_wconf 79' lang='lat' dir='ltr'>Bezahlung</span> <span class='ocrx_word' id='word_1_279' title='bbox 473 2102 621 2135; x_wconf 84' lang='lat' dir='ltr'>meiner</span> <span class='ocrx_word' id='word_1_280' title='bbox 655 2100 851 2135; x_wconf 84' lang='lat' dir='ltr'>Schulden</span> <span class='ocrx_word' id='word_1_281' title='bbox 888 2101 965 2134; x_wconf 83' lang='lat' dir='ltr'>und</span> <span class='ocrx_word' id='word_1_282' title='bbox 1003 2101 1070 2134; x_wconf 87' lang='lat' dir='ltr'>der</span> <span class='ocrx_word' id='word_1_283' title='bbox 1103 2101 1390 2137; x_wconf 77' lang='lat' dir='ltr'>beschlossenen</span> <span class='ocrx_word' id='word_1_284' title='bbox 1417 2105 1535 2139; x_wconf 82' lang='lat' dir='ltr'>K&#39;a&#39;ufe</span> 
     </span>
     <span class='ocr_line' id='line_1_36' title="bbox 79 2148 1535 2195; baseline 0.001 -12"><span class='ocrx_word' id='word_1_285' title='bbox 79 2163 126 2183; x_wconf 87' lang='lat' dir='ltr'>an</span> <span class='ocrx_word' id='word_1_286' title='bbox 154 2149 275 2183; x_wconf 86' lang='lat' dir='ltr'>Gelde</span> <span class='ocrx_word' id='word_1_287' title='bbox 300 2149 377 2181; x_wconf 85' lang='lat' dir='ltr'>mir</span> <span class='ocrx_word' id='word_1_288' title='bbox 402 2149 501 2182; x_wconf 87' lang='lat' dir='ltr'>noch</span> <span class='ocrx_word' id='word_1_289' title='bbox 527 2148 638 2195; x_wconf 66' lang='lat' dir='ltr'>iibrig</span> <span class='ocrx_word' id='word_1_290' title='bbox 670 2148 823 2182; x_wconf 75' lang='lat' dir='ltr'>bleiben</span> <span class='ocrx_word' id='word_1_291' title='bbox 849 2148 975 2182; x_wconf 81' lang='lat' dir='ltr'>sollte.</span> <span class='ocrx_word' id='word_1_292' title='bbox 1023 2149 1204 2182; x_wconf 69' lang='lat' dir='ltr'>N&#39;zimlich</span> <span class='ocrx_word' id='word_1_293' title='bbox 1238 2161 1312 2183; x_wconf 87' lang='lat' dir='ltr'>von</span> <span class='ocrx_word' id='word_1_294' title='bbox 1350 2151 1419 2185; x_wconf 87' lang='lat' dir='ltr'>der</span> <span class='ocrx_word' id='word_1_295' title='bbox 1445 2152 1535 2185; x_wconf 89' lang='lat' dir='ltr'>Clu-</span> 
     </span>
     <span class='ocr_line' id='line_1_37' title="bbox 80 2196 1532 2239; baseline 0.002 -9"><span class='ocrx_word' id='word_1_296' title='bbox 80 2197 239 2230; x_wconf 82' lang='lat' dir='ltr'>vischen</span> <span class='ocrx_word' id='word_1_297' title='bbox 266 2196 479 2233; x_wconf 77' lang='lat' dir='ltr'>Erbschaft,</span> <span class='ocrx_word' id='word_1_298' title='bbox 506 2216 550 2222; x_wconf 87' lang='lat'>—</span> <span class='ocrx_word' id='word_1_299' title='bbox 584 2196 647 2230; x_wconf 86' lang='lat' dir='ltr'>sed</span> <span class='ocrx_word' id='word_1_300' title='bbox 672 2202 758 2239; x_wconf 82' lang='lat' dir='ltr'>puto</span> <span class='ocrx_word' id='word_1_301' title='bbox 783 2198 877 2234; x_wconf 86' lang='lat' dir='ltr'>sore,</span> <span class='ocrx_word' id='word_1_302' title='bbox 914 2201 954 2229; x_wconf 88' lang='lat' dir='ltr'>ut</span> <span class='ocrx_word' id='word_1_303' title='bbox 987 2196 1098 2230; x_wconf 80' lang='lat' dir='ltr'>etiam</span> <span class='ocrx_word' id='word_1_304' title='bbox 1133 2208 1192 2230; x_wconf 79' lang='lat' dir='ltr'>aes</span> <span class='ocrx_word' id='word_1_305' title='bbox 1226 2198 1394 2231; x_wconf 80' lang='lat' dir='ltr'>alienum</span> <span class='ocrx_word' id='word_1_306' title='bbox 1434 2199 1532 2233; x_wconf 87' lang='lat' dir='ltr'>mihi</span> 
     </span>
     <span class='ocr_line' id='line_1_38' title="bbox 79 2243 1532 2290; baseline 0.001 -13"><span class='ocrx_word' id='word_1_307' title='bbox 79 2246 127 2278; x_wconf 91' lang='lat' dir='ltr'>sit</span> <span class='ocrx_word' id='word_1_308' title='bbox 153 2243 370 2278; x_wconf 79' lang='lat' dir='ltr'>faciendum</span> <span class='ocrx_word' id='word_1_309' title='bbox 399 2256 443 2277; x_wconf 82' lang='lat' dir='ltr'>ex</span> <span class='ocrx_word' id='word_1_310' title='bbox 469 2243 738 2289; x_wconf 89' lang='lat' dir='ltr'>emptionibus.</span> <span class='ocrx_word' id='word_1_311' title='bbox 797 2245 959 2278; x_wconf 79' lang='lat' dir='ltr'>Tantum</span> <span class='ocrx_word' id='word_1_312' title='bbox 993 2244 1106 2285; x_wconf 58' lang='lat' dir='ltr'>abest,</span> <span class='ocrx_word' id='word_1_313' title='bbox 1143 2249 1181 2277; x_wconf 86' lang='lat' dir='ltr'>ut</span> <span class='ocrx_word' id='word_1_314' title='bbox 1215 2246 1413 2289; x_wconf 79' lang='lat' dir='ltr'>pecuniam</span> <span class='ocrx_word' id='word_1_315' title='bbox 1450 2258 1532 2290; x_wconf 85' lang='lat' dir='ltr'>spe-</span> 
     </span>
     <span class='ocr_line' id='line_1_39' title="bbox 78 2292 1532 2336; baseline 0.001 -10"><span class='ocrx_word' id='word_1_316' title='bbox 78 2304 157 2327; x_wconf 87' lang='lat' dir='ltr'>rem</span> <span class='ocrx_word' id='word_1_317' title='bbox 185 2297 455 2336; x_wconf 73' lang='lat' dir='ltr'>superaturam.</span> <span class='ocrx_word' id='word_1_318' title='bbox 485 2313 525 2317; x_wconf 90' lang='lat'>-—</span> <span class='ocrx_word' id='word_1_319' title='bbox 564 2293 619 2325; x_wconf 85' lang='lat' dir='ltr'>De</span> <span class='ocrx_word' id='word_1_320' title='bbox 645 2293 748 2325; x_wconf 79' lang='lat' dir='ltr'>domo</span> <span class='ocrx_word' id='word_1_321' title='bbox 783 2292 921 2326; x_wconf 84' lang='lat' dir='ltr'>Cluvii.</span> <span class='ocrx_word' id='word_1_322' title='bbox 956 2310 1002 2315; x_wconf 94' lang='lat'>—</span> <span class='ocrx_word' id='word_1_323' title='bbox 1041 2292 1252 2326; x_wconf 64' lang='lat' dir='ltr'>Vestorium.</span> <span class='ocrx_word' id='word_1_324' title='bbox 1303 2294 1446 2327; x_wconf 82' lang='lat' dir='ltr'>Hiemit</span> <span class='ocrx_word' id='word_1_325' title='bbox 1471 2294 1532 2327; x_wconf 83' lang='lat' dir='ltr'>be-</span> 
     </span>
     <span class='ocr_line' id='line_1_40' title="bbox 78 2338 1244 2388; baseline -0.001 -15"><span class='ocrx_word' id='word_1_326' title='bbox 78 2341 193 2388; x_wconf 83' lang='lat' dir='ltr'>ginnt</span> <span class='ocrx_word' id='word_1_327' title='bbox 219 2341 303 2374; x_wconf 86' lang='lat' dir='ltr'>eine</span> <span class='ocrx_word' id='word_1_328' title='bbox 329 2339 592 2373; x_wconf 84' lang='lat' dir='ltr'>Nachschrift.</span> <span class='ocrx_word' id='word_1_329' title='bbox 620 2358 665 2364; x_wconf 91' lang='lat'><strong>—</strong></span> <span class='ocrx_word' id='word_1_330' title='bbox 691 2342 901 2384; x_wconf 74' lang='lat' dir='ltr'>exemplum,</span> <span class='ocrx_word' id='word_1_331' title='bbox 932 2339 1016 2372; x_wconf 85' lang='lat' dir='ltr'>cine</span> <span class='ocrx_word' id='word_1_332' title='bbox 1042 2338 1244 2375; x_wconf 80' lang='lat' dir='ltr'>Abschrift.</span> 
     </span>
    </p>
   </div>
   <div class='ocr_carea' id='block_1_11' title="bbox 72 2410 1530 2741">
    <p class='ocr_par' dir='ltr' id='par_1_11' title="bbox 72 2410 1530 2741">
     <span class='ocr_line' id='line_1_41' title="bbox 171 2410 1530 2457; baseline -0.001 -12"><span class='ocrx_word' id='word_1_333' title='bbox 171 2414 204 2445; x_wconf 91' lang='lat'>1.</span> <span class='ocrx_word' id='word_1_334' title='bbox 255 2423 336 2444; x_wconf 73' lang='grc' dir='ltr'><em>νιιι.</em></span> <span class='ocrx_word' id='word_1_335' title='bbox 356 2413 453 2453; x_wconf 65' lang='lat' dir='ltr'>Kal„</span> <span class='ocrx_word' id='word_1_336' title='bbox 481 2423 539 2444; x_wconf 81' lang='lat' dir='ltr'>am</span> <span class='ocrx_word' id='word_1_337' title='bbox 560 2413 615 2445; x_wconf 81' lang='lat'>25.</span> <span class='ocrx_word' id='word_1_338' title='bbox 636 2410 789 2457; x_wconf 77' lang='lat' dir='ltr'>August.</span> <span class='ocrx_word' id='word_1_339' title='bbox 827 2411 913 2444; x_wconf 89' lang='lat' dir='ltr'>Von</span> <span class='ocrx_word' id='word_1_340' title='bbox 934 2410 1146 2444; x_wconf 74' lang='lat' dir='ltr'>Lanuvium</span> <span class='ocrx_word' id='word_1_341' title='bbox 1172 2422 1254 2443; x_wconf 80' lang='lat' dir='ltr'>war</span> <span class='ocrx_word' id='word_1_342' title='bbox 1271 2411 1404 2444; x_wconf 85' lang='lat' dir='ltr'>Cicero</span> <span class='ocrx_word' id='word_1_343' title='bbox 1432 2410 1530 2444; x_wconf 87' lang='lat' dir='ltr'>nach</span> 
     </span>
     <span class='ocr_line' id='line_1_42' title="bbox 77 2458 1526 2506; baseline 0.001 -15"><span class='ocrx_word' id='word_1_344' title='bbox 77 2458 162 2491; x_wconf 88' lang='lat' dir='ltr'>dem</span> <span class='ocrx_word' id='word_1_345' title='bbox 187 2459 442 2492; x_wconf 83' lang='lat' dir='ltr'>Tusculanum</span> <span class='ocrx_word' id='word_1_346' title='bbox 478 2459 804 2506; x_wconf 63' lang='lat' dir='ltr'>zixfflckgekehrt,</span> <span class='ocrx_word' id='word_1_347' title='bbox 844 2469 903 2490; x_wconf 84' lang='lat' dir='ltr'>wo</span> <span class='ocrx_word' id='word_1_348' title='bbox 940 2469 983 2491; x_wconf 84' lang='lat' dir='ltr'>er</span> <span class='ocrx_word' id='word_1_349' title='bbox 1013 2460 1036 2491; x_wconf 83' lang='lat'>8</span> <span class='ocrx_word' id='word_1_350' title='bbox 1061 2458 1115 2491; x_wconf 87' lang='lat' dir='ltr'>bis</span> <span class='ocrx_word' id='word_1_351' title='bbox 1140 2462 1162 2493; x_wconf 83' lang='lat'>9</span> <span class='ocrx_word' id='word_1_352' title='bbox 1188 2459 1290 2504; x_wconf 70' lang='lat' dir='ltr'>Tage</span> <span class='ocrx_word' id='word_1_353' title='bbox 1315 2460 1526 2493; x_wconf 71' lang='lat' dir='ltr'>vet-weilte.</span> 
     </span>
     <span class='ocr_line' id='line_1_43' title="bbox 76 2504 1526 2548; baseline 0 -9"><span class='ocrx_word' id='word_1_354' title='bbox 76 2507 187 2539; x_wconf 85' lang='lat' dir='ltr'>Dann</span> <span class='ocrx_word' id='word_1_355' title='bbox 214 2506 350 2540; x_wconf 84' lang='lat' dir='ltr'>reisete</span> <span class='ocrx_word' id='word_1_356' title='bbox 378 2519 419 2540; x_wconf 88' lang='lat' dir='ltr'>er</span> <span class='ocrx_word' id='word_1_357' title='bbox 445 2507 538 2540; x_wconf 84' lang='lat' dir='ltr'>iiber</span> <span class='ocrx_word' id='word_1_358' title='bbox 564 2507 776 2539; x_wconf 73' lang='lat' dir='ltr'>Lanuvium</span> <span class='ocrx_word' id='word_1_359' title='bbox 812 2505 910 2537; x_wconf 80' lang='lat' dir='ltr'>nach</span> <span class='ocrx_word' id='word_1_360' title='bbox 937 2505 1081 2538; x_wconf 84' lang='lat' dir='ltr'>Astura.</span> <span class='ocrx_word' id='word_1_361' title='bbox 1129 2504 1268 2539; x_wconf 85' lang='lat' dir='ltr'>Schiitz</span> <span class='ocrx_word' id='word_1_362' title='bbox 1293 2506 1526 2548; x_wconf 86' lang='lat' dir='ltr'>vermuthet,</span> 
     </span>
     <span class='ocr_line' id='line_1_44' title="bbox 77 2552 1528 2599; baseline 0 -13"><span class='ocrx_word' id='word_1_363' title='bbox 77 2554 156 2586; x_wconf 76' lang='lat' dir='ltr'>dass</span> <span class='ocrx_word' id='word_1_364' title='bbox 183 2554 281 2587; x_wconf 85' lang='lat' dir='ltr'>nach</span> <span class='ocrx_word' id='word_1_365' title='bbox 306 2556 391 2587; x_wconf 76' lang='lat' dir='ltr'><strong><em>Kal.</em></strong></span> <span class='ocrx_word' id='word_1_366' title='bbox 429 2554 492 2587; x_wconf 75' lang='lat' dir='ltr'>das</span> <span class='ocrx_word' id='word_1_367' title='bbox 519 2554 637 2588; x_wconf 77' lang='lat' dir='ltr'>Wort</span> <span class='ocrx_word' id='word_1_368' title='bbox 669 2556 807 2595; x_wconf 60' lang='lat' dir='ltr'>vesperi</span> <span class='ocrx_word' id='word_1_369' title='bbox 839 2553 1072 2599; x_wconf 73' lang='lat' dir='ltr'>ausgesallen</span> <span class='ocrx_word' id='word_1_370' title='bbox 1110 2553 1170 2592; x_wconf 82' lang='lat' dir='ltr'>ist,</span> <span class='ocrx_word' id='word_1_371' title='bbox 1208 2552 1299 2585; x_wconf 90' lang='lat' dir='ltr'>weil</span> <span class='ocrx_word' id='word_1_372' title='bbox 1338 2564 1381 2585; x_wconf 84' lang='lat' dir='ltr'>er</span> <span class='ocrx_word' id='word_1_373' title='bbox 1418 2553 1528 2586; x_wconf 85' lang='lat' dir='ltr'>nicht</span> 
     </span>
     <span class='ocr_line' id='line_1_45' title="bbox 75 2599 1527 2646; baseline -0.001 -13"><span class='ocrx_word' id='word_1_374' title='bbox 75 2601 211 2634; x_wconf 79' lang='lat' dir='ltr'>friiher</span> <span class='ocrx_word' id='word_1_375' title='bbox 237 2602 289 2633; x_wconf 73' lang='lat' dir='ltr'>als</span> <span class='ocrx_word' id='word_1_376' title='bbox 317 2601 464 2634; x_wconf 78' lang='lat' dir='ltr'>Abends</span> <span class='ocrx_word' id='word_1_377' title='bbox 490 2601 587 2634; x_wconf 75' lang='lat' dir='ltr'>nach</span> <span class='ocrx_word' id='word_1_378' title='bbox 616 2601 749 2633; x_wconf 71' lang='lat' dir='ltr'>Astura</span> <span class='ocrx_word' id='word_1_379' title='bbox 777 2600 904 2633; x_wconf 71' lang='lat' dir='ltr'>kiinne</span> <span class='ocrx_word' id='word_1_380' title='bbox 929 2600 1158 2646; x_wconf 74' lang='lat' dir='ltr'>gekommen</span> <span class='ocrx_word' id='word_1_381' title='bbox 1184 2599 1278 2641; x_wconf 86' lang='lat' dir='ltr'>sein,</span> <span class='ocrx_word' id='word_1_382' title='bbox 1318 2599 1362 2632; x_wconf 84' lang='lat' dir='ltr'>da</span> <span class='ocrx_word' id='word_1_383' title='bbox 1389 2611 1431 2633; x_wconf 93' lang='lat' dir='ltr'>er</span> <span class='ocrx_word' id='word_1_384' title='bbox 1455 2612 1527 2633; x_wconf 88' lang='lat' dir='ltr'>un-</span> 
     </span>
     <span class='ocr_line' id='line_1_46' title="bbox 74 2647 1525 2695; baseline -0.001 -14"><span class='ocrx_word' id='word_1_385' title='bbox 74 2653 291 2695; x_wconf 73' lang='lat' dir='ltr'>terwegens</span> <span class='ocrx_word' id='word_1_386' title='bbox 318 2649 401 2681; x_wconf 71' lang='lat' dir='ltr'>‹ln-ei</span> <span class='ocrx_word' id='word_1_387' title='bbox 428 2648 599 2682; x_wconf 71' lang='lat' dir='ltr'>Stunden</span> <span class='ocrx_word' id='word_1_388' title='bbox 626 2649 695 2681; x_wconf 89' lang='lat' dir='ltr'>der</span> <span class='ocrx_word' id='word_1_389' title='bbox 719 2648 829 2680; x_wconf 78' lang='lat' dir='ltr'>Hitze</span> <span class='ocrx_word' id='word_1_390' title='bbox 855 2659 989 2694; x_wconf 75' lang='lat' dir='ltr'>wegen</span> <span class='ocrx_word' id='word_1_391' title='bbox 1013 2647 1052 2679; x_wconf 92' lang='lat' dir='ltr'>in</span> <span class='ocrx_word' id='word_1_392' title='bbox 1070 2647 1280 2679; x_wconf 81' lang='lat' dir='ltr'>Lanuvium</span> <span class='ocrx_word' id='word_1_393' title='bbox 1307 2647 1525 2687; x_wconf 84' lang='lat' dir='ltr'>ausruhete‚</span> 
     </span>
     <span class='ocr_line' id='line_1_47' title="bbox 72 2694 1524 2741; baseline -0.001 -12"><span class='ocrx_word' id='word_1_394' title='bbox 72 2708 148 2729; x_wconf 84' lang='lat' dir='ltr'>was</span> <span class='ocrx_word' id='word_1_395' title='bbox 173 2696 366 2730; x_wconf 87' lang='lat' dir='ltr'>zwischen</span> <span class='ocrx_word' id='word_1_396' title='bbox 391 2697 649 2730; x_wconf 78' lang='lat' dir='ltr'>Tusculanum</span> <span class='ocrx_word' id='word_1_397' title='bbox 675 2695 754 2728; x_wconf 86' lang='lat' dir='ltr'>und</span> <span class='ocrx_word' id='word_1_398' title='bbox 779 2696 912 2728; x_wconf 79' lang='lat' dir='ltr'>Astura</span> <span class='ocrx_word' id='word_1_399' title='bbox 940 2695 980 2726; x_wconf 88' lang='lat' dir='ltr'>in</span> <span class='ocrx_word' id='word_1_400' title='bbox 1007 2694 1076 2728; x_wconf 86' lang='lat' dir='ltr'>der</span> <span class='ocrx_word' id='word_1_401' title='bbox 1101 2694 1210 2727; x_wconf 83' lang='lat' dir='ltr'>Mitte</span> <span class='ocrx_word' id='word_1_402' title='bbox 1244 2694 1319 2741; x_wconf 81' lang='lat' dir='ltr'>lag.</span> <span class='ocrx_word' id='word_1_403' title='bbox 1356 2713 1401 2719; x_wconf 89' lang='lat'><strong>—</strong></span> <span class='ocrx_word' id='word_1_404' title='bbox 1442 2699 1524 2728; x_wconf 76' lang='lat' dir='ltr'>ante</span> 
     </span>
    </p>
   </div>
   <div class='ocr_carea' id='block_1_12' title="bbox 1140 2752 1224 2791">
    <p class='ocr_par' dir='ltr' id='par_1_12' title="bbox 1140 2752 1224 2791">
     <span class='ocr_line' id='line_1_48' title="bbox 1140 2752 1224 2791; baseline 0.012 -1"><span class='ocrx_word' id='word_1_405' title='bbox 1140 2752 1224 2791; x_wconf 78' lang='lat'>26*</span> 
     </span>
    </p>
   </div>
  </div>
 </body>
</html>
