1795 3081
214 86 278 132 32
470 84 534 132 Μ.
572 84 623 131 Τ.
662 79 1004 131 CICERONIS
1040 81 1417 137 EPISTOLAE.

214 219 296 261 que
340 203 539 245 accidere
581 203 702 243 nullo
748 204 890 255 ipsius
934 201 1113 255 delicto,
1175 220 1341 248 summa
1386 208 1516 263 culpa
1558 223 1665 251 mea.

216 264 365 316 ltaque
394 275 419 301 a
448 267 490 300 te
519 272 656 312 neque
686 260 1027 298 consolationem
1056 262 1164 311 iam,
1211 277 1296 317 qua
1326 277 1488 317 cupere
1524 270 1567 305 te
1602 267 1670 305 uti

211 317 356 367 video,
386 329 464 355 nec
493 315 744 363 consilium,
776 313 889 367 quod
918 316 1017 368 capi
1049 317 1218 357 nullum
1247 325 1411 371 potest,
1442 326 1666 373 exspecto:

212 381 341 426 teque
370 371 512 410 onmia
541 383 674 423 quum
704 370 1004 423 superioribus
1035 383 1162 424 saepe
1191 374 1354 423 literis,
1395 381 1488 414 tum
1522 376 1664 428 proxi-

212 432 292 467 mis
331 433 518 466 tentasse
557 426 768 477 intelligo.
826 424 912 480 Ego
954 437 1052 464 cum
1089 425 1279 468 Salustio
1319 428 1574 470 Ciceronem
1613 429 1668 469 ad

212 488 440 522 (faesarcm
472 483 644 521 mittere
674 480 932 534 cogitabam.
1001 479 1193 521 Tulliam
1223 490 1390 533 autem,
1431 499 1518 524 non
1545 484 1670 525 vide-

211 540 307 579 bam
340 549 431 576 esse
462 550 654 581 causam,
701 549 781 574 cur
819 533 987 574 diutius
1025 549 1193 576 mecum
1222 544 1340 578 tanto
1369 541 1414 578 in
1446 541 1668 578 communi

215 606 415 633 macrore
445 593 691 631 retinerem.
737 590 868 643 Inque
900 592 1028 629 matri
1058 606 1167 643 eam,
1199 607 1333 646 quum
1364 596 1559 647 primum
1589 607 1668 647 per

211 651 349 703 ipsam
382 649 549 696 liceret,
580 660 696 686 eram
728 647 1003 684 remissurus.
1045 646 1128 685 Pro
1158 661 1222 698 ea,
1254 661 1380 701 quam
1410 648 1463 688 ad
1491 648 1668 688 modum

213 703 470 744 consolantis
494 701 721 754 scripsisti,
752 694 785 740 (ἶι
812 695 918 745 'miza
953 714 1002 739 ea
1026 707 1176 754 putato
1198 716 1264 742 me
1282 706 1524 757 scripsisse,
1558 718 1668 757 quae

167 756 257 799 2111
288 762 377 812 ipse
410 756 619 811 intelligis
650 754 902 809 responderi
934 759 1134 806 potuisse.
1167 757 1293 809 Quod
1309 758 1499 812 Oppium
1525 765 1668 798 tecum

208 816 362 854 scribis
395 815 599 861 locutum,
632 825 715 850 non
737 811 947 850 abhorret
973 823 996 849 a
1019 825 1111 850 mea
1133 814 1376 864 suspicione
1398 815 1490 853 eius
1510 816 1665 853 oratio.

209 868 294 910 Sed
324 883 409 908 non
439 866 610 911 dubito,
655 867 763 919 quin
801 867 903 904 istis»
935 864 1189 917 persuaderi
1220 867 1338 907 nullo
1369 868 1497 908 modo
1527 871 1667 922 possit

209 940 272 972 va,
308 937 414 977 quae
432 924 612 972 faciant,
642 921 750 960 mihi
775 921 957 974 probari
978 934 1115 972 posse,
1147 936 1320 975 quoquo
1345 923 1471 962 modo
1492 924 1662 976 loquar.

208 981 298 1034 Ego
338 986 477 1018 tamen
518 983 618 1016 utar
657 974 972 1025 moderatione,
1017 989 1102 1028 qua
1144 983 1306 1030 potero.
1380 978 1664 1032 Quamquam,

210 1034 315 1087 quid
344 1048 437 1073 mea
466 1034 652 1077 intersit,
686 1037 734 1071 ut
764 1044 912 1071 eorum
942 1030 1090 1070 odium
1121 1032 1313 1082 subeam,
1345 1046 1430 1072 non
1448 1034 1663 1088 intelligo.

164 1090 270 1144 3Tc
298 1091 414 1129 iusta
444 1100 572 1128 causa
602 1085 821 1141 impediri,
851 1099 937 1138 quo
967 1087 1107 1125 minus
1138 1085 1192 1125 ad
1212 1100 1290 1127 nos
1314 1090 1477 1138 venias,
1507 1087 1660 1138 vide03

207 1146 339 1198 idque
383 1144 492 1183 mihi
533 1140 656 1183 valde
705 1143 931 1181 molestum
975 1145 1050 1181 est.
1131 1141 1261 1181 Illum
1307 1143 1360 1182 ab
1398 1142 1663 1183 Alexandria

207 1200 454 1241 discessisse
485 1212 610 1237 nemo
641 1198 832 1245 nuntiat3
864 1204 1116 1249 constatque
1145 1210 1197 1236 ne
1223 1199 1465 1250 profectum
1487 1198 1664 1251 quidem

206 1258 326 1296 illinc
364 1267 622 1308 quemquam
655 1259 751 1306 post
781 1251 880 1291 Idus
910 1251 1043 1291 Mart.
1084 1265 1163 1291 nec
1199 1259 1296 1304 post
1325 1251 1427 1292 Idus
1457 1253 1663 1292 Decemb.

205 1312 258 1351 ab
298 1311 376 1349 illo
420 1309 541 1348 datas
581 1308 690 1348 ullas
734 1307 899 1347 literas.
970 1307 1032 1346 Ex
1073 1320 1158 1360 quo
1201 1308 1411 1363 intelligis
1456 1306 1565 1347 illud
1609 1306 1663 1347 de

206 1367 348 1405 literis
378 1376 415 1403 a.
447 1362 484 1403 d.
516 1378 557 1404 v.
582 1363 643 1401 Id.
664 1361 784 1402 Febr.
812 1361 997 1408 datis,——
1015 1361 1129 1415 quod
1160 1363 1288 1402 inane
1318 1368 1443 1411 esset,
1474 1365 1604 1402 etiam
1626 1363 1663 1402 si

204 1433 360 1461 verum
391 1424 661 1458 esset—-non
691 1430 846 1458 verum
875 1430 979 1457 esse.
1037 1417 1089 1455 L.
1120 1415 1380 1456 Terentium
1408 1417 1661 1458 discessisse

204 1546 263 1567 am
285 1533 618 1568 Ende.·-—su.»nma
644 1531 751 1576 culpa
777 1542 869 1570 mea,
896 1529 964 1574 qui
978 1529 1200 1563 Dolabellae
1227 1529 1431 1578 ingenium
1460 1537 1496 1565 et
1523 1530 1660 1564 condi-¹

203 1582 352 1616 tionem
380 1582 594 1614 accuratius
620 1580 858 1623 perscrutari
886 1577 1118 1617 debuissem,
1146 1585 1350 1621 antequam
1379 1578 1502 1611 filiam
1532 1579 1567 1613 ei
1594 1579 1660 1613 de-

203 1629 453 1674 spondissem.
490 1627 585 1662 SCH.
622 1627 727 1674 Vrgl.
756 1638 812 1670 ep.
841 1624 1035 1664 CCCXCI‚
1065 1629 1094 1659 1.
1122 1625 1199 1658 und
1228 1625 1530 1668 CCCLXXXVII,
1558 1629 1588 1660 1.
1614 1645 1662 1651 -—

204 1690 283 1711 cum
311 1679 371 1710 Cn.
400 1677 586 1716 Sallustio,
615 1677 750 1707 amico.
778 1674 812 1709 S.
842 1685 898 1718 ep.
927 1672 1114 1713 CCCCV1‚
1141 1674 1175 1713 2,
1204 1673 1250 1707 de
1276 1673 1445 1708 Divinat.
1472 1677 1505 1713 1,
1531 1676 1578 1709 25
1613 1692 1661 1699 -—-

204 1728 418 1765 Ciceronem,
446 1725 587 1760 filium,
628 1723 711 1756 vid.
743 1733 797 1766 ep.
825 1733 900 1764 seq.
927 1738 973 1744 -
1000 1733 1062 1761 per
1087 1725 1223 1763 ipsam,
1252 1720 1379 1754 sobald
1407 1733 1444 1755 es
1470 1721 1557 1756 ihre
1585 1721 1661 1756 Ge-

202 1773 384 1806 sundheit
419 1773 602 1806 erlaubte.
655 1769 678 1803 S
723 1782 779 1813 ep.
819 1768 1070 1805 CCCXCVII,
1110 1771 1138 1802 1.
1177 1786 1223 1793 ——
1255 1780 1327 1813 pro
1351 1781 1393 1802 ca
1420 1795 1427 1804 .
1454 1793 1462 1802 .
1485 1773 1658 1815 potuisse.

202 1822 341 1855 'Prinas
368 1821 545 1864 epistolas
571 1821 615 1852 ab
632 1819 756 1851 Attico
785 1823 980 1861 acceperat
996 1817 1143 1851 Cicero.
1185 1817 1254 1848 Pro
1282 1828 1334 1856 ea,
1361 1828 1474 1861 quam
1504 1818 1549 1851 ad
1577 1829 1658 1852 mo-

202 1870 293 1902 dum
321 1868 553 1902 consolantis
580 1866 802 1911 scripserat,
831 1865 966 1897 Cicero
994 1865 1047 1898 ait
1075 1876 1112 1897 se
1140 1865 1242 1896 nihil
1270 1863 1433 1906 habere,
1466 1865 1568 1908 quod
1595 1877 1658 1899 re·

201 1916 394 1962 spondeat.
445 1916 578 1959 Itaque
604 1922 715 1961 rogat
741 1913 937 1952 Atticum,
963 1918 1018 1953 ut,
1045 1924 1141 1956 quae
1169 1914 1247 1956 ipse
1275 1911 1474 1960 intelligat
1501 1913 1658 1946 Cicero-

202 1978 289 1999 nem
325 1963 556 2008 respondere
588 1963 776 2008 potuisse,
816 1973 858 1994 ea
889 1972 909 1994 a
938 1971 974 1993 se
1007 1971 1186 2004 responsa
1215 1971 1292 1993 esse
1329 1967 1446 2004 putet.
1487 1960 1584 1996 SCH.
1611 1979 1659 1986 -

200 2008 226 2050 ὦ
251 2012 343 2053 ’ῐ(ἷι’,
370 2024 390 2045 ο
417 2011 531 2045 bone!
1126 2018 1129 2021 ’

295 2063 326 2094 2.
383 2061 550 2105 Oppium.
579 2057 614 2092 S.
643 2069 700 2103 op.
726 2055 910 2096 CCCCIX,
937 2056 970 2090 2.
996 2073 1041 2080 -—
1066 2068 1136 2089 mm
1163 2053 1334 2088 abhorret
1360 2061 1442 2095 cet„
1469 2068 1509 2090 so
1535 2055 1659 2093 wisse,

201 2109 306 2142 seine
331 2108 475 2142 WVorte
503 2108 653 2141 reimen
682 2106 762 2138 sith
790 2117 884 2153 ganz
912 2111 980 2151 gut
1007 2116 1053 2137 zu
1082 2103 1250 2136 meinem
1279 2104 1518 2150 Argwohne.
1571 2105 1655 2152 Vgl,

200 2169 259 2199 ep.
290 2156 512 2196 CCCCXIV,
537 2157 570 2189 2.
598 2173 644 2179 --
670 2168 740 2188 mm
768 2153 891 2186 dubito
918 2154 1005 2198 quire
1119 2153 1218 2185 mello
1244 2153 1359 2184 modo.
1388 2163 1414 2184 ε.
1445 2152 1598 2185 Ramsh.
1618 2151 1654 2196 §.

200 2206 280 2246 185,
308 2206 341 2239 2.
373 2206 452 2246 173,
480 2207 514 2244 3,
541 2204 628 2236 Not.
671 2204 818 2237 Grotef.
849 2204 929 2235 [10⁷1.
958 2219 1003 2225 —-—
1032 2203 1124 2239 istis,
1154 2199 1298 2232 Leuten
1325 2200 1394 2232 der
1408 2199 1487 2234 Art.
1514 2217 1560 2224 -—
1585 2213 1657 2246 qua

198 2253 256 2285 uti
292 2257 430 2297 potero.
481 2250 516 2287 S.
543 2250 695 2284 Ramsh.
736 2253 764 2291 §-
793 2253 873 2288 159,
900 2251 934 2287 2,
963 2251 988 2282 f.
1029 2266 1076 2273 ——·
1115 2253 1156 2280 at
1189 2259 1308 2281 corum
1342 2249 1466 2281 odium
1500 2249 1653 2282 subeam.

199 2300 228 2334 Ι.
256 2300 296 2334 F.
325 2300 493 2334 Gronov.
524 2311 619 2343 susp.
649 2299 769 2332 odiam
795 2311 864 2331 non
890 2297 1042 2331 subeam.

293 2352 326 2384 3.
376 2347 504 2387 Illum,
546 2347 758 2382 Caesarem.
791 2364 839 2371 -κ
872 2346 926 2379 ah.
962 2343 1065 2378 Alibi
1093 2355 1127 2377 v.
1157 2355 1188 2377 c.
1215 2343 1286 2388 Ep.
1313 2344 1371 2378 25.
1398 2342 1421 2377 2
1454 2341 1655 2377 omittitur

197 2395 446 2441 praepositio.
489 2395 562 2428 ΟΒ.
588 2412 634 2419 ———
660 2397 772 2428 illinc.
811 2394 876 2428 Sic
908 2393 971 2427 cd.
999 2392 1162 2432 Faerni,
1199 2392 1328 2426 Lamb.
1367 2391 1469 2426 vict.
1496 2393 1528 2426 2.
1556 2390 1652 2425 Ern.

197 2444 286 2477 Sch.
315 2442 406 2478 Liin.
432 2453 480 2475 Ξ
504 2444 601 2476 illim
629 2442 716 2477 C2d.
746 2443 898 2486 Malasp.
924 2442 1005 2475 Bos.
1032 2441 1168 2475 Graev.
1211 2442 1272 2473 illi
1296 2439 1370 2472 Md.
1406 2439 1525 2474 Oxon.
1560 2442 1591 2473 1.
1619 2442 1653 2474 2.

200 2492 390 2525 ORELLI.
441 2490 475 2525 S.
503 2503 551 2524 zu
579 2500 634 2534 ep.
661 2490 756 2526 XIX.
782 2492 805 2525 4
831 2489 925 2524 iiber
950 2490 1056 2523 illim.
1082 2506 1129 2513 -—-
1153 2497 1190 2522 V.
1216 2486 1262 2520 Id
1282 2485 1405 2527 Febr„
1432 2499 1492 2520 am
1519 2489 1551 2522 9.
1579 2487 1651 2521 Fe-

195 2539 324 2573 bruar.
375 2539 430 2573 De
449 2538 512 2572 his
533 2538 659 2572 literis
678 2538 755 2572 vid.
775 2538 933 2572 initium
952 2536 1132 2582 proxime
1161 2535 1370 2580 superioris
1398 2535 1591 2580 epistolae.
1605 2551 1653 2560 --

195 2591 303 2622 inane
328 2593 428 2623 essct.
466 2587 584 2627 Nam,
612 2587 681 2620 etsi
708 2598 845 2620 verum
872 2592 966 2620 esset
991 2598 1048 2619 ens
1063 2584 1259 2618 Caesarem
1286 2583 1496 2627 scripsisse,
1522 2588 1651 2616 tamen

194 2637 296 2681 apud
323 2648 384 2670 me
411 2645 487 2669 non
513 2634 646 2682 magni
674 2635 855 2679 ponderis
883 2641 1024 2672 essent,
1063 2632 1245 2676 quoniam
1274 2630 1413 2677 exigue
1440 2637 1498 2672 et,
1525 2637 1570 2664 ut
1597 2630 1651 2664 ita

194 2685 333 2724 dicam,
362 2679 507 2731 frigide
533 2682 698 2726 scriptae
724 2687 822 2715 sunt.
850 2681 1033 2717 MANUT.
1062 2680 1198 2714 Cicero
1225 2678 1379 2712 scheint
1404 2677 1545 2719 Lente,
1571 2679 1648 2712 wie

194 2733 361 2778 Oppius,
389 2729 562 2768 desshalb
589 2729 632 2764 in
660 2729 858 2768 Verdacht
885 2730 1028 2779 gehabt
1053 2740 1100 2763 zu
1127 2727 1264 2762 haben.
1291 2745 1338 2752 —
1364 2725 1406 2764 L.
1435 2726 1651 2767 Terentium,
