1795 3081
249 50 313 97 88
513 49 580 97 Μ.
616 51 668 99 Τ.
706 44 1048 98 CICERONIS
1084 45 1466 98 EPISTOLAE.

253 169 384 209 etiam
415 171 481 209 rei
511 170 715 224 publicae
743 165 1098 222 praeponendam
1137 172 1435 220 putaverunt?
1475 168 1595 221 Quae
1624 171 1709 227 igi-

252 230 328 263 tur
355 223 499 264 studia
529 238 789 279 magnorum
819 223 1045 262 hominum
1075 222 1289 262 sententia
1327 225 1601 264 vacationem
1632 227 1708 266 ha·-

251 279 356 321 bent
372 279 402 331 †
426 279 606 319 eandem
627 280 795 333 publici
816 278 1027 327 muneris,
1058 278 1126 327 iis,
1158 277 1424 317 concedente
1442 292 1491 317 re
1517 281 1709 332 publica,

209 332 331 373 ficut·
358 348 446 374 non
476 335 738 375 abutamur?
785 332 870 375 Sed
899 333 998 388 plus
1028 333 1159 382 facio,
1190 347 1315 385 quam
1350 334 1557 373 Caninius
1587 349 1708 374 man-

249 388 385 436 davit.
445 390 485 429 Is
526 391 657 441 enim,
699 392 736 432 si
779 387 884 442 quid
922 400 1002 442 ego
1039 388 1215 438 scirem,
1258 395 1454 443 rogarat,
1502 389 1618 442 quod
1659 398 1706 430 tu

248 445 465 492 nescires:
506 459 588 501 ego
632 447 715 487 tibi
758 457 808 484 ea
837 455 988 492 narn),
1032 455 1142 494 quae
1172 448 1219 481 tu
1250 444 1406 484 melius
1436 445 1534 494 scis,
1579 459 1705 497 quam

246 500 355 552 ipse,
386 501 462 552 qui
502 514 652 546 narro.
710 500 884 539 Faciam
914 510 1019 552 ergo
1052 496 1178 547 illud,
1219 496 1336 549 quod
1378 505 1558 553 rogatus
1595 515 1705 551 sum,

244 559 296 594 ut
325 567 493 606 eorum,
525 570 635 609 quae
666 554 878 611 temporis
910 553 1039 594 huius
1070 553 1170 601 sint,
1202 566 1312 608 quae
1342 552 1371 607 -ξ-
1403 559 1478 594 tua
1506 553 1704 608 audiero,

243 622 299 650 ne
328 609 434 665 quid
463 612 654 669 ignore&

337 749 655 800 EPISTOLA
693 749 1066 803 CCCCXLVII.
1137 748 1217 808 (ad
1254 749 1366 798 Div.
1406 749 1492 800 IX.
1531 752 1601 811 7.)

409 838 492 874 Ser.
518 838 660 877 Romae
686 850 817 877 mense
845 838 957 872 Iunio
983 837 1028 874 A.
1054 837 1101 874 U.
1130 837 1171 874 c,
1199 840 1283 879 708.
1321 839 1370 880 (a.
1390 838 1429 875 c,
1452 841 1532 881 46.)

235 909 316 946 Iam
340 915 535 944 maturum
565 921 642 943 esse
669 909 735 950 ait,
760 915 803 943 ut
830 910 873 943 ab
899 908 993 942 urbe
1012 908 1194 950 discedat,
1222 915 1257 943 et
1281 909 1326 943 de
1347 909 1515 944 Caesaris
1536 923 1581 944 ex
1599 912 1704 945 Afri-

299 969 394 996 cano
420 957 525 996 beno
553 957 750 992 redeuntis
778 958 923 991 itinere
951 957 1121 990 diversos
1150 969 1323 994 rumores
1349 958 1516 994 nuntiat.
1545 962 1647 996 1-2.

744 1028 924 1065 CICERO
966 1027 1200 1064 VARRONI.

343 1102 591 1144 Coenabam
621 1101 737 1156 apud
767 1100 933 1151 Seium,
974 1114 1107 1154 quum
1137 1103 1316 1155 utrique
1356 1103 1558 1144 nostrum
1599 1102 1700 1144 red-

232 1156 350 1198 ditae
379 1166 482 1199 sunt
510 1172 535 1198 a
564 1165 608 1198 te
639 1159 810 1197 literae.
870 1156 987 1196 Mihi
1017 1169 1125 1196 vero
1156 1158 1243 1196 iam
1269 1165 1492 1197 maturum
1510 1157 1700 1199 videtur.

229 1213 359 1265 Nam,
390 1213 508 1268 quod
528 1220 655 1254 antea
686 1211 763 1265 [te]
795 1213 1087 1252 calumniatus
1118 1225 1226 1263 sum,
1258 1212 1464 1253 indicabo
1487 1214 1703 1252 malitiam

227 1326 339 1362 nicht
365 1329 552 1362 erlauhen
584 1328 743 1362 wollen.
781 1345 828 1353 -—
864 1329 1092 1360 vacationem
1119 1326 1251 1359 habent
1277 1326 1300 1368 †
1329 1327 1486 1359 eandem.
1521 1326 1583 1360 Sic
1617 1337 1702 1363 cor-

225 1381 341 1421 rupte
366 1376 444 1410 Md.
474 1377 605 1409 Asc-1.
634 1376 735 1409 Crat.
763 1374 903 1409 Bened.
931 1375 1053 1408 eadem
1081 1373 1146 1407 Cd.
1169 1373 1280 1408 Basil.
1305 1374 1410 1408 Vict.
1428 1378 1456 1408 1.
1486 1376 1699 1421 eandemque

224 1424 347 1469 Neap.
377 1427 490 1458 etiam
513 1423 560 1457 de
582 1422 720 1456 Rutilii
740 1423 843 1455 coni.
865 1433 1002 1467 parum
1025 1420 1216 1466 probabili
1230 1422 1342 1461 VVict.
1361 1423 1395 1457 2.
1417 1422 1542 1458 Lamb,
1563 1423 1701 1457 Graev.

224 1471 320 1506 Ern.
348 1471 437 1506 seh.
467 1471 567 1506 Liin.
602 1472 786 1517 quandam
825 1469 945 1504 Gebh.
979 1469 1088 1515 prob.
1118 1468 1233 1502 Beier
1261 1469 1367 1513 Offic.
1395 1471 1434 1504 T.
1463 1473 1496 1504 1.
1533 1484 1570 1516 p.
1602 1473 1698 1505 164.

223 1520 316 1554 Nou
342 1520 467 1554 male:
496 1519 573 1552 nisi
600 1519 675 1552 fuit
700 1518 847 1564 potius:
885 1522 1113 1551 vacationem
1139 1517 1271 1551 hahent
1296 1519 1424 1551 tuendi
1457 1519 1601 1563 publici
1624 1531 1703 1552 mu-

225 1570 324 1601 neris
349 1568 475 1612 prima
500 1567 615 1601 litera
650 1572 676 1601 t.
704 1566 833 1600 vocab.
862 1567 988 1600 tuendi
1012 1565 1186 1609 absorpta
1211 1565 1254 1598 ab
1282 1565 1412 1599 eadem
1439 1566 1700 1610 praecedente.

224 1616 299 1649 Vel
325 1616 357 1648 si
383 1615 511 1649 minus
537 1615 670 1660 placet
696 1615 833 1655 tuendi,
863 1614 1035 1662 corrigas
1061 1613 1237 1654 navandi,
1275 1624 1294 1647 e
1328 1624 1403 1657 quo
1444 1624 1525 1648 voe.
1554 1616 1700 1647 rariore

223 1663 382 1697 facilius
409 1663 524 1697 etiam
552 1662 640 1696 fieri
666 1666 817 1707 poterat
845 1662 1000 1695 eandem.
1043 1661 1235 1695 ORELLI.
1275 1671 1381 1701 „von
1420 1660 1494 1699 deu
1531 1660 1702 1699 Studien,

228 1711 288 1745 die
324 1712 425 1752 (oder
452 1711 730 1757 derentwegen
755 1710 850 1751 wir)
878 1721 948 1742 uns
974 1708 1073 1742 nach
1102 1708 1189 1742 dem
1215 1706 1394 1742 Urtheile
1420 1720 1573 1756 grosser
1597 1710 1703 1742 Mtin-

228 1771 302 1793 ner
336 1770 450 1807 sog-ar
482 1770 559 1792 von
593 1758 663 1792 der
689 1756 957 1792 Uebernahme
991 1757 1060 1790 der
1086 1755 1334 1789 Staatszimter
1369 1756 1576 1790 entbinden
1608 1758 1701 1798 (los-

227 1810 361 1854 sagen)
398 1807 576 1848 diirfenfi
601 1825 648 1831 —-
676 1806 814 1840 com-ed.
842 1818 879 1844 ra
902 1819 940 1850 p.
978 1805 1052 1838 mit
1089 1803 1262 1837 volliwer·
1298 1803 1603 1852 Genehmigung
1633 1805 1704 1838 der

226 1854 431 1900 Republik.
452 1874 499 1880 -—
518 1856 728 1896 abutamur,
750 1856 960 1888 &usniitzen
988 1852 1022 1887 d.
1044 1852 1068 1895 i.
1095 1864 1166 1886 uns
1188 1852 1200 1884 i
1233 1863 1308 1885 nen
1324 1851 1505 1899 g'a'nzlich
1523 1853 1699 1899 ergeben.

323 1917 357 1950 6.
410 1915 445 1949 13
471 1917 576 1948 enim.
606 1913 680 1947 Md.
707 1913 900 1947 mandavit
933 1914 1012 1946 iure
1048 1915 1155 1951 enim,
1193 1911 1235 1944 in
1270 1922 1344 1955 quo
1371 1923 1457 1945 sane
1483 1912 1585 1945 aliud
1609 1912 1701 1956 quid

227 1962 323 1998 latet
349 1974 462 2007 quam
490 1965 534 2003 is,
561 1966 599 1995 et
623 1961 783 1995 verbum
812 1971 925 2007 aegre
961 1959 1118 1996 omnino
1152 1959 1422 1993 desideramus,
1460 1959 1616 1993 Fuitne:
1654 1961 1701 1994 Ut

224 2012 418 2045 scriberem
447 2013 555 2050 enim,
582 2012 625 2051 is,
651 2013 684 2043 si
711 2009 865 2055 quid..?
893 2008 1085 2042 ORELLI.
1114 2026 1155 2033 —
1184 2008 1280 2053 quod
1299 2013 1421 2052 rogat.
1437 2020 1527 2047 sum,
1554 2018 1700 2041 warum

225 2058 293 2093 ich
319 2059 482 2106 gebeton
507 2058 586 2091 bin.
613 2056 763 2091 Ramsh.
793 2056 823 2098 ξ.
845 2059 926 2097 131,
947 2059 980 2092 3.
1007 2074 1054 2080 —
1083 2060 1252 2089 ut...ne.
1281 2054 1317 2091 S.
1338 2054 1487 2088 Ramsh.
1507 2057 1534 2098 ξ.
1555 2058 1632 2098 193,
1664 2056 1694 2089 Ῐ.

227 2126 269 2132 -
310 2120 400 2153 quae
428 2108 450 2147 †
477 2111 544 2139 tua
569 2107 731 2139 audiero.
778 2104 842 2138 Sic
874 2109 1056 2149 corrupte
1093 2103 1164 2137 Md.
1202 2104 1299 2136 Vict.
1327 2105 1361 2139 2.
1398 2102 1535 2138 Bened.
1569 2117 1700 2149 quaeve

225 2156 380 2188 audiero
408 2154 509 2188 Crat.
536 2154 639 2188 Vict.
669 2157 700 2196 17
738 2151 877 2186 Graev.
905 2152 998 2187 ΕΓΗ.
1038 2164 1129 2197 quae
1162 2156 1229 2184 tua
1264 2154 1433 2185 interesse
1468 2153 1615 2185 audiero
1654 2164 1699 2184 ex

221 2202 413 2248 interpol.
442 2203 559 2246 Neap.
588 2202 714 2234 hamb.
751 2213 909 2245 quaeque
935 2206 1001 2234 tua
1028 2203 1199 2233 interesse
1226 2200 1378 2232 audiero
1405 2199 1494 2234 Sch.
1523 2199 1574 2234 ed.
1601 2199 1697 2233 min.

219 2252 369 2290 (vider-0
396 2249 483 2283 Sch.
514 2250 641 2287 Lim).
706 2248 779 2281 Sed
810 2260 973 2292 pravum
1011 2253 1066 2281 est
1100 2247 1430 2292 supplementum3
1466 2258 1556 2291 quae
1595 2247 1698 2280 enim

221 2299 302 2331 ista
330 2297 541 2331 sententia:
576 2308 700 2339 „quae
727 2297 896 2340 primum
934 2296 1091 2332 audiero
1127 2300 1191 2329 tua
1227 2295 1424 2337 interesse,
1462 2294 1595 2330 deinde
1630 2295 1701 2328 tibi

220 2345 395 2382 scribam
411 2346 480 2383 2‘4?
520 2345 684 2378 Fuitne:
714 2357 804 2391 quae
831 2350 925 2384 necta
954 2344 1150 2378 audit—roz?
1189 2344 1262 2376 ΟΒ.

329 2420 359 2456 1.
413 2417 516 2460 apud
551 2417 597 2458 M.
633 2418 754 2460 Seium
793 2426 1035 2449 communem
1074 2412 1272 2450 Ciceronis
1306 2419 1342 2447 et
1376 2415 1495 2449 Attici
1518 2414 1697 2450 amicum.

229 2459 443 2500 ann0'709
479 2470 689 2505 mortum,
727 2463 829 2506 quod
867 2463 1109 2509 {menig-itm·
1148 2475 1191 2495 ex
1228 2474 1284 2506 ep.
1318 2466 1371 2495 11.
1409 2463 1506 2495 mbr.
1534 2463 1616 2495 ΧΠ.
1654 2462 1700 2494 ³41

224 2513 417 2547 Atticum.
447 2513 550 2546 SCH.
591 2512 678 2560 Vgl.
708 2511 753 2544 ad
780 2510 891 2544 Attio.
919 2511 983 2551 XI,
1011 2513 1045 2545 7.
1072 2509 1118 2542 ad
1145 2510 1282 2543 Famil.
1310 2510 1372 2550 IX,
1399 2513 1432 2546 7.
1464 2510 1555 2543 Plin.
1585 2511 1631 2543 H.
1650 2511 1698 2542 N.

224 2560 312 2601 XV,
343 2564 375 2594 1.
415 2560 496 2593 Cic.
526 2559 625 2592 Orat.
655 2559 783 2593 Plane.
812 2559 844 2592 5.
875 2558 920 2591 de
948 2559 1052 2591 offic.
1082 2558 1132 2599 11,
1161 2560 1217 2592 17.
1255 2577 1300 2582 -—
1337 2561 1412 2592 inm
1438 2564 1622 2592 maturam
1646 2561 1700 2590 νῖ-

218 2610 348 2650 detur,
391 2608 482 2650 „ich
510 2607 650 2647 deuke,
684 2619 763 2640 nun
790 2607 868 2640 ibt's
895 2606 1083 2638 wirklich
1109 2606 1234 2639 zeit.“
1272 2605 1429 2639 VVozu?
1467 2608 1548 2638 Man
1575 2606 1697 2649 suppl.

220 2656 385 2689 Caesari
412 2654 562 2691 obviam
589 2655 721 2689 ire.—
743 2654 809 2697 [te]
838 2654 912 2687 del.
941 2654 1077 2688 Graev.
1104 2654 1197 2687 Ern.
1226 2654 1362 2686 Bened.
1385 2653 1466 2687 Sch.
1491 2655 1585 2686 Liin.
1611 2664 1699 2685 con-

218 2710 277 2737 tra
315 2703 393 2739 Md.
422 2703 505 2750 Ego
534 2702 590 2748 [].
620 2702 814 2739 ORELLI.
854 2701 962 2744 Nam,
990 2702 1087 2749 quod
1119 2705 1183 2745 (z
1206 2701 1302 2736 Was
1329 2701 1389 2735 das
1416 2701 1587 2757 anlangtR
1618 2701 1699 2734 dms
