1795 3081
506 68 827 121 EPISTOLA
862 69 1086 119 DXLIX.
1444 70 1540 119 273

72 200 116 235 te
144 206 243 234 cum
273 191 430 234 Clodio
460 191 584 244 loqui
611 191 726 242 vult,
755 196 878 244 potes
910 189 956 229 id
985 203 1081 230 mea
1109 186 1339 229 voluntate
1364 189 1529 229 facere:

75 248 430 301 commodiusque
458 252 537 297 est,
568 259 713 298 quarn,
744 244 857 298 quod
890 246 968 284 ille
997 259 1022 284 a
1050 258 1119 284 me
1141 246 1267 297 petit,
1296 257 1365 283 me
1389 245 1532 297 ipsum

75 306 272 345 scribere
301 304 356 342 ad
386 301 603 342 Clodium.
662 301 728 339 De
758 302 988 353 mancipiis
1005 300 1305 350 Castricianis,
1336 300 1571 344 commo-2

74 359 301 400 dissimum
341 370 433 397 esse
465 355 597 395 credo
641 357 887 410 transigere
916 356 1171 410 Egnatium:
1215 354 1333 407 quod
1372 355 1531 393 scribis

73 422 117 455 te
148 417 210 454 ita
240 417 439 453 futurum
466 417 636 464 putare.
695 410 806 450 Cum
838 410 965 460 Ovia,
1004 422 1179 461 quaese,
1218 409 1320 448 vide
1348 416 1398 449 ut
1427 422 1532 448 con-

72 470 263 509 ficiatur.
324 468 556 519 Quoniam,
585 472 635 505 ut
663 465 837 516 scribis,
867 478 955 504 nox
986 470 1096 514 erat,
1125 465 1172 503 in
1202 463 1415 505 hodierna
1439 465 1532 518 epi·

74 527 188 566 stola
217 526 347 579 plura
377 527 593 576 exspecto.

241 707 559 757 EPISTOLA
597 707 816 756 nxfflx.
873 707 954 766 (ad
988 707 1094 755 Att.
1130 707 1234 756 ΧΠ.
1273 705 1373 764 31.)

211 799 293 835 Ser,
322 799 479 832 Asturae
508 802 668 830 exeunte
696 796 829 830 Martio
858 796 896 830 A.
925 797 970 832 U.
1000 796 1038 830 C.
1067 799 1147 831 709.
1185 799 1232 837 (a.
1262 795 1301 828 C.
1329 796 1407 835 45.)

173 871 229 905 De
254 870 368 904 Drusi
393 868 515 902 hortis
541 869 630 901 fano
657 868 811 901 Tulliae
838 868 1067 902 exstruendo
1096 867 1279 901 emendis.
1316 868 1436 901 1—3.

570 939 744 974 CICERO
781 939 961 972 ATTICO
1001 938 1037 972 S.

189 1012 350 1052 Silium
380 1018 566 1051 mutasse
596 1013 855 1051 sententiam
879 1010 1007 1049 Sicca
1036 1007 1293 1050 mirabatur.
1325 1010 1536 1063 Equidem

45 1071 216 1124 'magis
259 1070 415 1117 miror,
461 1066 592 1119 quod,
633 1080 765 1119 quum
807 1068 853 1104 in
895 1066 1034 1104 filium
1077 1079 1252 1104 causam
1295 1069 1536 1116 conferret,

80 1138 190 1178 quae
232 1124 342 1161 mihi
379 1136 465 1160 non
506 1123 668 1161 iniusta
708 1120 900 1165 videtur,
943 1145 990 1150 —
1035 1120 1167 1159 habet
1208 1123 1323 1160 enim
1363 1122 1538 1173 qualem

77 1181 176 1219 vult
201 1199 258 1207 -—
287 1180 350 1216 ais
388 1184 431 1216 te
460 1183 631 1229 putare,
668 1178 705 1214 si
735 1175 1032 1214 addiderimus
1065 1174 1200 1225 aliud,
1245 1189 1270 1213 a
1301 1190 1385 1228 quo
1417 1178 1538 1213 refu-

81 1237 187 1290 giat,
227 1246 359 1286 quum
401 1232 453 1270 ab
492 1233 586 1284 ipso
638 1230 684 1270 id
729 1231 865 1270 fuerit
911 1230 1190 1280 destinatum,
1238 1230 1536 1270 venditurum.

81 1290 266 1342 Quaeris
298 1301 322 1326 a
351 1300 434 1337 me,
465 1286 582 1339 quod
610 1299 825 1325 summum
845 1287 1037 1339 pretium
1055 1287 1318 1324 constituam
1337 1292 1380 1325 et
1402 1299 1536 1338 quan-
1553 1288 1580 1327 2

78 1352 173 1385 tum
202 1344 371 1382 anteire
402 1344 507 1380 istos
537 1342 702 1387 hortos,
734 1341 888 1380 Drusi:
929 1341 1090 1379 accessi
1120 1354 1364 1393 nunquam:
1399 1343 1541 1393 Copo-

81 1402 256 1438 nianam
286 1398 439 1437 villam
470 1403 514 1436 et
549 1403 746 1436 veterem
787 1402 830 1435 et
858 1408 944 1434 non
973 1409 1177 1451 magnam
1205 1397 1341 1435 novi:
1382 1397 1542 1435 silvam

85 1518 202 1560 Quare
228 1525 274 1545 =
301 1511 548 1560 gleichwohl.
577 1529 620 1537 --
647 1524 726 1545 cum
752 1512 995 1558 Hermogene
1023 1510 1169 1553 Clodio,
1198 1511 1452 1558 negotiatore.
1500 1509 1538 1545 S.

84 1575 142 1608 ep.
170 1565 252 1603 523,
278 1564 310 1595 1.
346 1563 428 1600 5119,
454 1563 486 1594 2.
537 1561 648 1594 Denn
675 1560 810 1600 dieser,
849 1560 923 1594 wie
949 1559 1149 1606 Egnatiu5‚
1186 1558 1298 1593 sollte
1328 1559 1428 1593 Geld
1452 1558 1542 1592 her·

85 1609 326 1644 beischaffen.
388 1608 539 1642 Andere
582 1607 767 1642 beziehen
803 1606 904 1640 diese
939 1606 1059 1639 Stelle
1096 1606 1162 1638 auf
1195 1606 1257 1640 die
1293 1607 1436 1640 G'arten
1471 1607 1542 1640 der

85 1658 232 1700 Clodia,
259 1667 397 1690 wovon
425 1667 481 1700 ep.
509 1659 591 1697 563,
617 1659 639 1690 4
665 1655 726 1688 die
753 1654 854 1688 Rede
881 1655 939 1688 ist.
967 1674 1013 1679 —
1048 1655 1235 1692 commod„
1262 1653 1539 1688 schicklicher.

177 1708 212 1740 2.
266 1706 420 1738 Castric.
471 1703 506 1737 S.
539 1715 594 1748 ep.
634 1703 800 1744 DXLVI,
835 1705 868 1737 3.
907 1721 952 1728 —
989 1705 1192 1746 transigere
1220 1703 1425 1747 Egnatium
1457 1702 1480 1735 i.
1509 1713 1542 1736 e.

86 1754 277 1787 conficere
311 1764 398 1785 cum
435 1751 641 1785 Castricio:
682 1751 846 1792 efficere,
884 1754 927 1783 ut
961 1750 1164 1784 Castricius
1199 1761 1219 1782 a
1247 1750 1384 1792 Quinto
1422 1751 1542 1783 fratre

85 1801 286 1846 pecuniam
313 1799 476 1844 accipiat
502 1809 573 1843 pro
600 1799 819 1843 mancipiis,
847 1809 942 1842 quae
970 1797 1034 1830 illi
1060 1797 1305 1839 vendideram
1334 1809 1446 1841 quam
1474 1797 1543 1831 Ca·

85 1849 239 1882 stricius
266 1848 437 1892 accipere
463 1847 625 1886 nolebat,
659 1857 777 1890 quum
810 1859 827 1880 a
863 1847 1001 1888 Quinto
1037 1844 1230 1889 mancipia
1267 1846 1400 1879 mallet
1426 1845 1542 1878 abdu-

86 1908 187 1939 cere,
215 1896 363 1940 quando
390 1895 421 1928 is
446 1895 649 1940 pecuniam
687 1893 759 1927 sibi
796 1893 843 1928 ad
877 1893 1140 1937 praestitutam
1167 1893 1269 1926 diem
1296 1904 1374 1926 non
1408 1905 1544 1926 nume-

85 1950 213 1978 rasset.
245 1944 422 1978 MANUT.
456 1961 503 1968 --
537 1955 616 1976 cum
644 1942 746 1976 Ovia.
785 1942 821 1976 S.
850 1952 906 1986 ep.
934 1944 1004 1977 542
1030 1954 1064 1974 u.
1092 1942 1174 1981 538,
1200 1943 1234 1974 4.
1272 1958 1314 1966 —-
1352 1954 1423 1975 nox
1449 1945 1543 1981 erat,

87 2004 205 2036 quum
233 1992 278 2025 ad
305 2003 364 2025 me
390 1991 585 2024 scriberes.

181 2043 213 2074 1.
263 2045 410 2074 sentent.
436 2051 553 2080 suam,
580 2038 709 2072 seinen
721 2036 1190 2079 Entschluss.—cazzsam‚
1218 2046 1288 2070 cur
1299 2033 1430 2070 hortos
1450 2045 1544 2069 ven-

86 2089 176 2122 dere
203 2088 335 2121 nollet.
366 2107 405 2112 —
431 2099 501 2120 non
529 2089 665 2120 iniusta
694 2087 718 2119 i.
742 2098 772 2120 e.
801 2092 904 2120 recte
930 2086 1031 2126 facit,
1059 2086 1089 2118 si
1115 2096 1192 2118 non
1212 2084 1358 2125 vendit,
1386 2083 1474 2128 quia
1495 2084 1542 2116 fi-

86 2137 138 2170 lio
166 2136 263 2169 velit
289 2135 444 2179 obsequi
470 2135 633 2182 roganti,
660 2146 707 2168 ne
734 2134 882 2168 vendat.
908 2153 955 2158 ——
980 2135 1247 2174 habebut-ult,
1274 2132 1377 2166 denn
1404 2143 1446 2165 er
1470 2131 1540 2164 hat

87 2185 201 2217 einen
228 2183 332 2217 Sohn
358 2195 404 2216 an
432 2182 525 2222 ihm,
553 2183 625 2217 wie
654 2195 694 2217 er
718 2183 800 2216 sich
827 2193 900 2215 nur
925 2181 1137 2215 wiinschen
1163 2181 1278 2213 kann.
1306 2199 1351 2204 -——
1377 2181 1411 2213 si
1436 2180 1543 2213 addi-

89 2233 537 2266 derimus..2·enditurum.
588 2231 783 2265 Sententia
817 2230 912 2263 haec
949 2235 1024 2263 est:
1070 2229 1100 2262 si
1132 2240 1206 2261 una
1242 2239 1327 2261 cum
1365 2239 1408 2261 eo
1441 2225 1542 2268 loco,

90 2289 202 2322 quem
241 2280 420 2324 petimus,
458 2279 500 2311 ab
542 2290 583 2312 eo
623 2278 979 2319 desideraverimus,
1028 2283 1069 2309 ut
1103 2277 1241 2309 vendat
1277 2275 1384 2308 nobis
1410 2275 1542 2315 alium,

90 2338 202 2370 quem
229 2328 336 2371 cupi't
359 2327 524 2360 abiicere
555 2332 592 2360 et
617 2326 798 2367 alienare,
835 2326 900 2358 ubi
935 2326 978 2358 ab
1002 2326 1082 2369 ipso
1107 2324 1213 2357 hunc
1250 2323 1467 2364 emerfflus,
1504 2326 1542 2355 et

89 2375 203 2407 illum
221 2385 333 2418 quein
349 2380 522 2418 optamus
542 2374 794 2408 accessionem
813 2374 999 2407 daturunL
1022 2372 1233 2406 GRONOV.
1261 2372 1398 2412 addid„
1427 2381 1544 2403 weun

88 2422 181 2455 Wir
215 2422 313 2454 noch
352 2423 445 2455 dazu
487 2422 627 2455 kaufen
661 2422 835 2455 wollten.
874 2438 921 2445 -2
957 2422 1377 2466 quum...destinatum‚
1417 2417 1463 2451 da
1501 2426 1545 2451 er

89 2469 163 2503 (len
190 2469 357 2503 anderen
385 2470 487 2502 Platz
513 2470 583 2502 feil
609 2482 656 2502 zu
683 2470 803 2516 geben
832 2468 1072 2502 beschlossen
1098 2468 1207 2501 habe.

182 2518 215 2551 2.
268 2523 442 2563 quantum
468 2520 610 2551 anteire
637 2521 726 2551 istos
753 2515 840 2549 Silii
867 2515 996 2550 hortos
1023 2518 1140 2549 Drusi
1171 2512 1250 2549 scil.
1285 2512 1418 2547 hortos
1454 2522 1545 2546 con-

90 2566 253 2606 stituam,
282 2565 360 2597 und
387 2564 459 2598 wie
486 2565 572 2598 Viel
599 2564 711 2598 mehr
738 2564 802 2596 ich
828 2565 891 2596 fiir
916 2564 977 2597 die
1007 2564 1152 2597 G'arten
1179 2563 1242 2596 des
1258 2561 1377 2594 Silius
1404 2558 1458 2593 als
1484 2561 1548 2593 fiir

90 2613 161 2646 den
199 2613 342 2646 Garten
377 2612 439 2645 des
465 2613 607 2645 Drusus
645 2624 691 2644 zu
730 2612 850 2658 geben
887 2612 979 2644 Lust
1015 2612 1130 2646 h'zitte.
1170 2610 1204 2644 S.
1234 2620 1291 2653 ep.
1319 2611 1401 2649 ’δ’-11,
1427 2610 1461 2644 3.
1501 2624 1547 2632 --

90 2661 224 2694 accessi
247 2673 430 2706 nunquam
458 2661 482 2692 i.
512 2672 543 2694 e.
569 2665 752 2703 utrosque
778 2659 908 2693 hortos
937 2670 1131 2702 nunquam
1159 2657 1320 2701 inspexi.
1351 2674 1390 2680 -
1435 2655 1551 2701 Copti-

89 2711 251 2749 niamcm,
280 2708 340 2742 ein
367 2708 524 2741 anderes
550 2706 764 2747 Laudhaus,
793 2707 854 2741 das
880 2707 1032 2740 Attikus
1057 2707 1098 2739 in
1123 2704 1337 2751 Vorschlag
1364 2703 1550 2750 gebracht

152 2779 231 2812 Cic.
249 2778 377 2813 Briese
392 2791 425 2812 v.
440 2778 599 2811 Bilta-rb,
628 2777 698 2811 111.
1198 2768 1250 2808 18
