1795 3081
529 45 848 99 EPISTOLA
883 46 1061 96 DXLI.
1466 51 1558 96 261

101 186 210 215 mus.
266 169 420 225 Itaque
448 168 702 211 solitudines
733 181 916 223 sequor:
948 174 992 209 et
1020 176 1180 214 tamen,
1212 169 1250 209 si
1279 181 1364 224 qua
1393 180 1462 209 me
1491 183 1562 210 res

100 232 187 270 isto
225 226 477 274 adduxerit,
522 227 687 271 enitar,
730 227 768 265 si
806 237 891 277 quo
929 223 1057 263 modo
1093 231 1272 278 potero⁷
1310 246 1365 252 —
1407 231 1561 278 potero

102 290 248 326 autem
276 304 331 310 —
371 288 421 322 ut
449 288 630 334 praeter
659 287 700 326 te
731 293 855 319 nemo
886 277 1079 319 dolorem
1116 293 1261 319 meum
1301 282 1478 320 sentiat:
1524 282 1561 318 si

101 340 196 380 ullo
226 336 354 379 modo
383 338 565 391 poterit,
595 349 648 375 ne
678 342 729 375 tu
758 333 948 388 quidem.
1006 335 1150 388 Atque
1173 337 1307 374 etiam
1331 336 1406 374 illa
1429 347 1563 374 causa

102 401 170 435 est
198 407 285 433 non
312 391 533 434 veniendi.
591 390 854 439 Meministi,
892 388 1000 443 quid
1029 403 1080 430 ex
1108 397 1151 429 te
1181 389 1361 429 Aledius
1392 391 1562 443 quaesi-

104 452 215 490 erit:
249 449 354 500 quin
391 449 523 486 etiam
561 458 676 485 nunc
710 445 880 484 molesti
918 450 1031 484 sunt.
1091 444 1206 495 Quid
1235 447 1477 496 existimas,
1524 446 1562 483 si

102 506 296 547 venero?
337 503 404 542 De
432 502 641 542 Terentia
666 502 731 540 ita
761 513 879 548 cura,
910 506 962 539 ut
990 501 1171 549 scribis3
1211 513 1369 552 meque
1397 501 1478 539 hac
1507 495 1605 539 ad2

103 561 316 599 maximas
344 557 638 611 aegritudines
670 557 917 595 accessione
953 568 1037 594 nou
1066 556 1257 594 maxima
1286 556 1437 594 libera.
1495 555 1564 604 Et,

104 622 156 656 ut
185 615 295 654 scias
324 625 393 655 me
422 615 486 653 ita
515 611 676 660 dolere,
706 616 756 650 ut
784 623 872 649 non
903 611 1091 650 iaceam:
1125 611 1282 664 quibus
1313 610 1565 649 consulibus

106 667 355 710 Carneades
385 673 427 709 et
457 680 505 706 ea
536 667 696 720 legatio
724 665 907 705 Romam
935 668 1129 715 venerit,
1174 666 1391 718 scriptum
1426 671 1490 705 est
1518 666 1565 703 in

105 731 182 764 tuo
211 722 374 764 annali.
431 721 555 763 Haec
584 734 701 761 nunc
730 733 916 774 quaero,
958 734 1070 773 quae
1106 734 1235 760 causa
1273 721 1439 760 fuerit?
1499 720 1567 759 De

107 780 274 832 Oropo,
319 778 500 831 opinor3
546 776 621 817 sed
650 783 821 817 certum
850 778 1020 815 nescio:
1064 782 1129 826 et,
1170 777 1207 814 si
1236 776 1298 814 ita
1328 781 1416 824 est,
1456 788 1567 828 quae

105 834 462 879 controversiae?
492 837 732 886 praeterea,
750 832 824 884 qui
848 844 897 871 eo
927 837 1124 884 tempore
1143 831 1301 869 nobilis
1322 830 1567 883 Epicureus

104 892 242 931 fuerit
279 889 479 937 Athenis,
533 889 612 944 qui
651 888 894 941 praefuerit
930 887 1096 926 hortis?
1152 887 1230 940 qui
1271 887 1402 924 etiam
1438 883 1570 924 Athe-

109 1027 234 1062 meint
266 1027 327 1060 die
352 1025 496 1059 Tullia.
522 1043 569 1051 ·—
595 1028 666 1059 isto
694 1025 798 1066 add„
835 1035 974 1068 nempe
999 1023 1174 1056 Romam.
1199 1040 1247 1047 —
1280 1025 1429 1056 sentiat.
1477 1022 1575 1069 Vg1:

110 1088 171 1121 ep.
197 1077 281 1115 536,
312 1077 402 1109 1.—
428 1076 498 1108 illa
524 1086 646 1113 causa,
673 1072 902 1120 „solgendes
929 1072 978 1104 ist
1006 1070 1094 1104 eine
1111 1069 1296 1110 Ursache,
1322 1081 1473 1104 warum
1501 1069 1568 1103 ich

111 1123 227 1157 nicht
253 1122 355 1155 nach
374 1121 468 1155 Rom
497 1121 685 1155 kommen
713 1121 841 1168 mag-,⁴⁶
878 1119 967 1153 Und
994 1117 1095 1151 doch
1120 1117 1228 1150 hatte
1256 1128 1298 1150 er
1322 1117 1462 1151 friiher
1475 1118 1570 1158 Lust

109 1172 207 1205 dazu
233 1171 395 1216 bezeigt.
445 1169 481 1203 S.
510 1181 566 1214 ep.
597 1171 686 1210 537,
713 1171 744 1202 1.
770 1186 817 1192 —-
853 1167 1002 1202 Aledius
1027 1165 1130 1198 idem
1159 1165 1229 1198 ille
1257 1165 1503 1199 Caesarianus
1531 1171 1571 1199 et

110 1219 222 1253 Balbi
248 1217 468 1257 familiaris,
497 1217 542 1251 de
569 1228 644 1261 quo
672 1217 779 1262 epist.
805 1218 886 1250 [1¹45.
935 1215 997 1249 Ex
1024 1213 1187 1258 epistola
1213 1214 1390 1256 sequenti
1416 1213 1569 1247 intelli-

112 1268 223 1316 gitur
249 1278 336 1300 eum
364 1271 447 1298 tum
474 1265 616 1299 Romae
643 1266 773 1299 fuisse.
821 1264 896 1297 Ille
928 1269 1057 1296 autem
1084 1267 1332 1306 percontatus
1360 1267 1442 1295 erat
1468 1261 1569 1294 Atti-

113 1326 215 1354 cum,
243 1312 476 1347 cur.Cicero
502 1312 662 1346 Romam
688 1323 766 1353 non
791 1312 958 1352 veniret,
989 1320 1060 1342 cur
1084 1314 1258 1343 senatum
1285 1319 1362 1341 non
1387 1310 1569 1352 frequen-

111 1369 215 1397 taret
241 1367 311 1396 etc.
340 1379 383 1385 —
417 1363 560 1394 molesti
583 1366 668 1395 sunt
693 1359 933 1399 Caesariani,
973 1357 1183 1404 flagitando
1216 1356 1388 1397 scilicet,
1426 1363 1470 1390 ut
1495 1357 1567 1390 sim

112 1411 255 1445 Romae
283 1408 452 1442 assiduus
480 1416 517 1443 et
543 1410 584 1442 in
609 1413 784 1442 senatum
810 1407 979 1441 veniam.
1009 1405 1107 1437 SCH.
1135 1403 1226 1451 Vgl.
1245 1404 1352 1448 epist.
1372 1406 1453 1444 538,
1473 1406 1568 1439 5.—

117 1459 214 1501 Quz'd
237 1460 423 1491 existimas
456 1467 518 1490 eos
551 1458 740 1496 facturos,
781 1457 814 1489 si
838 1467 960 1488 venero
990 1453 1151 1486 Romam
1190 1453 1264 1492 (im
1292 1451 1456 1498 Gegens.
1491 1464 1569 1486 von

107 1509 219 1541 etiam
243 1507 363 1547 nunc).
396 1504 494 1538 Tum
521 1504 644 1537 multo
671 1503 906 1537 molestiores
934 1505 1048 1535 erunt
1074 1511 1146 1535 nec
1171 1500 1253 1533 ulla
1280 1500 1476 1533 excusatio
1502 1512 1568 1533 va-

112 1555 224 1596 lebit,
250 1563 325 1598 quo
353 1552 482 1585 minus
508 1552 619 1586 rebus
645 1551 826 1600 gerendis
852 1549 1031 1585 intersim
1059 1554 1097 1583 et
1120 1548 1162 1582 in
1182 1553 1314 1586 senatu
1335 1547 1568 1584 sententiam

113 1603 252 1637 dicam.
306 1600 409 1633 SCH.

206 1651 241 1684 2.
290 1661 362 1683 non
386 1649 560 1689 maxima.
608 1646 674 1682 Sic
688 1646 785 1687 Edd.
812 1651 900 1681 ante
924 1647 1006 1681 Bos.
1034 1656 1122 1679 cum
1139 1644 1216 1679 Md.
1238 1644 1357 1679 Oxon.
1385 1646 1417 1683 1ἒ
1443 1644 1496 1679 2.t
1525 1642 1570 1679 in

115 1709 190 1743 qua
215 1697 385 1730 lectione
413 1697 568 1744 egregia
595 1695 696 1729 inest
722 1696 871 1735 ironia,
908 1706 981 1739 qua
1014 1694 1212 1741 significat
1236 1703 1274 1726 se
1299 1703 1438 1737 parurn
1465 1703 1570 1724 nunc

115 1756 252 1780 curare
277 1744 483 1778 Terentiae
510 1744 742 1782 calumnias3
781 1745 938 1788 prorsus
964 1748 1007 1775 ut
1032 1753 1146 1787 supra
1172 1740 1295 1784 Epist.
1322 1743 1378 1775 18.
1406 1740 1450 1773 A.
1479 1742 1508 1780 §.
1534 1742 1567 1775 2.

113 1806 210 1829 mmc
235 1796 396 1826 maxima
422 1791 509 1826 Cod.
536 1791 700 1826 Crusell.
725 1792 808 1825 Bos.
835 1791 974 1825 Graev.
1001 1790 1097 1824 Ern.
1124 1802 1196 1823 non
1218 1790 1374 1823 minima
1403 1787 1449 1821 de
1471 1788 1568 1821 Ern.

116 1853 217 1886 susp.
245 1851 383 1884 parum
402 1839 596 1884 probabili
623 1839 710 1874 seh.
737 1840 834 1872 Liin.
865 1839 939 1872 ΟΒ.
962 1856 1008 1862 -
1046 1841 1196 1871 iaceam.
1244 1836 1334 1883 Vgl.
1358 1847 1417 1880 ep.
1434 1836 1517 1876 537,
1536 1838 1567 1869 1.

115 1889 304 1935 —quibus
329 1888 545 1927 consulibus3
572 1887 708 1921 Publio
736 1887 922 1920 Cornelio
948 1885 1132 1930 Scipione
1157 1885 1294 1918 Nasica
1323 1890 1360 1917 et
1381 1883 1431 1916 M.
1456 1884 1569 1917 Clau-

118 1938 182 1971 dio
211 1937 394 1970 Marcello
433 1948 463 1969 a.
503 1936 581 1970 599.
618 1935 779 1968 Romam
814 1933 936 1980 legati
961 1940 1156 1967 venerunt
1181 1932 1393 1966 Carneades
1426 1931 1572 1965 Acade-

117 1986 262 2023 micus,
305 1984 494 2028 Diogenes
520 1983 695 2024 Sto‘icus,
737 1982 928 2016 Critolaus
962 1981 1252 2025 Peripateticus.
1301 1979 1391 2014 Vid.
1417 1979 1572 2013 Gellius

116 2033 192 2070 XV,
209 2035 264 2066 11.
292 2032 390 2066 Plin.
417 2032 523 2066 H.N.
540 2032 695 2070 V11,30.
715 2049 752 2055 —
783 2032 838 2063 De
856 2030 987 2073 Oropo.
1015 2029 1113 2064 Wie
1128 2027 1327 2061 Pausanias
1351 2026 1396 2060 de
1411 2026 1571 2060 Acha'i'c.

120 2079 303 2114 Plutarch
333 2080 387 2112 im
415 2079 506 2121 Cato
534 2079 644 2120 Mai„
684 2078 839 2112 Gellius
863 2077 949 2117 VII,
976 2079 1021 2111 14
1045 2089 1081 2110 u.
1109 2076 1229 2111 XVII.
1267 2076 1321 2108 im
1347 2074 1454 2109 letzt.
1481 2075 1570 2119 Gap.

119 2141 157 2162 u.
183 2127 344 2161 Macrob.
374 2130 403 2161 1.
430 2129 452 2161 5
488 2126 694 2165 erz‘ahlem
738 2136 776 2159 so
812 2125 948 2159 hatten
984 2125 1045 2157 die
1072 2124 1244 2158 Athener
1277 2122 1339 2156 die
1374 2134 1423 2155 an
1456 2122 1572 2156 ihren

122 2177 302 2210 Grenzen
330 2174 507 2221 liegende
532 2174 640 2208 stadt
666 2174 813 2218 Oropus
839 2174 880 2206 in
908 2172 1071 2206 Bootien
1108 2171 1229 2211 (noch
1255 2171 1351 2204 ietzt
1375 2170 1481 2214 Ropo
1508 2182 1573 2216 ge-

122 2224 262 2265 nannt)
288 2223 386 2255 bloss
413 2234 477 2255 aus
503 2222 608 2255 Noth
633 2221 880 2268 gepliindert‚
905 2220 999 2254 weil
1026 2221 1078 2253 sie
1105 2219 1229 2252 durch
1255 2218 1328 2252 den
1355 2218 1479 2265 Krieg
1504 2219 1575 2251 der

122 2271 265 2305 R'omer
298 2271 373 2303 mit
411 2269 497 2303 dem
538 2270 683 2303 letzten
725 2269 875 2315 Konige
918 2278 995 2300 von
1031 2267 1285 2300 Macedonien
1328 2276 1367 2299 so
1401 2271 1575 2299 verarmt

121 2330 267 2355 waren,
319 2318 391 2351 Die
407 2318 569 2362 Oropier
588 2317 797 2363 beklagten
823 2315 906 2349 sich
933 2315 1093 2348 dariiber
1119 2321 1196 2349 erst
1219 2313 1323 2348 heim
1338 2313 1574 2346 Riimisohen

123 2365 271 2400 Senate.
322 2365 458 2399 Dieser
491 2372 585 2412 trug
618 2365 688 2398 der
713 2364 821 2398 stadt
846 2362 989 2408 Sicyon
1018 2365 1102 2404 auf,
1131 2363 1194 2397 die.
1219 2361 1340 2397 Sache
1366 2374 1413 2394 zu
1438 2367 1574 2395 unter-

122 2413 270 2448 suchen
303 2425 338 2447 u.
377 2412 439 2446 die
468 2412 637 2446 Athener
669 2424 760 2445 zum
787 2411 924 2444 Ersatz
957 2411 1204 2445 anzuhalten.
1256 2410 1319 2443 Ats
1353 2409 1453 2442 diese
1489 2407 1576 2441 sich

123 2461 343 2508 weigerten
375 2470 448 2494 vor
482 2460 555 2494 den
590 2459 824 2504 Sicyoniern
859 2471 907 2491 zu
935 2459 1184 2501 ersoheinen,
1228 2455 1393 2491 wurden
1420 2458 1473 2490 sie
1498 2467 1576 2490 von

123 2509 255 2542 diesen
283 2520 330 2540 zu
369 2507 439 2540 der
472 2506 894 2554 unerschw'ainglichen
921 2506 1141 2540 Geldstrafe
1177 2517 1254 2539 von
1279 2506 1349 2539 500
1373 2503 1577 2537 Attischen

120 2556 311 2590 Talenten
340 2555 404 2597 (-.·-··
425 2558 615 2597 1,000,000
637 2555 811 2595 Gulden)
836 2554 1087 2589 verurtheilt.
1127 2554 1190 2588 Sie
1216 2553 1376 2586 sandten
1403 2552 1577 2585 desshalb

123 2604 212 2638 iene
254 2604 339 2637 drei
373 2603 547 2650 grossten
573 2604 726 2637 Redner
758 2601 977 2647 damaliger
1010 2603 1098 2636 Zeit
1136 2601 1236 2634 nach
1271 2601 1384 2640 Rom,
1423 2599 1577 2633 welche

127 2652 189 2685 die
205 2651 498 2698 Herabsetzung
524 2651 593 2685 der
607 2651 817 2685 Geldbusse
844 2651 911 2682 auf
935 2650 1008 2683 den
1035 2651 1193 2683 fiinften
1207 2647 1319 2682 Theil
1347 2647 1575 2681 erwirkten.

128 2717 174 2724 -
198 2711 289 2745 quae
317 2703 492 2739 controv..
524 2710 659 2747 wegen
686 2697 856 2734 welches
881 2696 1169 2743 Streitpuncts?
1196 2714 1242 2722 —-
1268 2694 1384 2730 hortis
1409 2701 1455 2729 st.
1480 2694 1578 2740 Epi-

4 2660 12 2722 ἢ

10 2765 11 2782 1
