1795 3081
200 51 298 101 24ss
467 51 533 98 M.
568 51 622 99 T.
658 47 1006 99 clennoms
1041 47 1418 98 EPISTOLAE.
1453 120 1459 122 Ἴ
1618 21 1621 23 ’
1749 22 1774 60 ”

1776 0 1789 179 ἔ

1787 2362 1792 2391 ³

201 173 312 213 mihi
343 173 560 228 ignoscas,
599 171 870 213 cuicuimodi
909 177 987 212 est.
1045 170 1213 210 Etenim
1251 169 1385 210 habeo
1426 171 1656 211 nonnullos

202 235 258 268 ex
286 229 364 277 iis,
408 240 515 281 quos
552 240 668 267 nunc
707 229 881 274 lectito,
920 231 1142 276 auctores,
1183 227 1259 278 qui
1300 225 1447 265 dicant
1485 227 1583 266 fieri
1612 226 1658 265 id

202 289 427 336 oportere,
470 281 587 337 quod
626 295 754 338 saepe
790 291 935 324 tecum
973 282 1041 336 egi
1079 287 1122 321 et
1151 280 1267 334 quod
1296 295 1320 320 a
1350 287 1391 321 te
1420 282 1659 334 approbari

201 340 312 377 volo.
371 337 438 376 De
477 341 577 377 fano
616 339 694 377 illo
734 338 861 388 dico3
905 335 958 376 de
995 349 1080 389 quo
1111 342 1303 387 tantum,
1349 343 1559 390 quantum
1591 350 1659 375 me

203 406 336 440 amas,
370 393 503 431 velim
532 395 704 448 cogites.
758 391 973 446 Equidem
1001 405 1141 445 neque
1171 391 1224 431 de
1252 405 1410 446 genere
1440 391 1589 430 dubito
1607 413 1660 420 —-

204 449 346 501 placet
384 449 500 487 enim
528 450 640 488 mihi
673 449 833 489 Cluatii
863 468 917 476 —
944 460 1083 500 neque
1114 447 1166 487 de
1196 460 1245 486 re
1272 468 1327 474 —-
1356 452 1565 487 statutum
1596 453 1661 486 est

204 504 318 543 enim
336 521 389 536 -.-—
407 501 458 542 de
487 503 582 542 loco
612 515 939 556 nonnunquam.
984 503 1136 542 Velim
1167 503 1307 557 igitur
1337 503 1512 555 cogites.
1555 502 1659 556 Ego,

235 564 415 597 uantum
437 558 504 597 his
526 560 798 613 temporibus
818 564 906 598 tam
930 557 1116 598 eruditis
1137 559 1238 596 fieri
1260 559 1434 610 poterit,
1463 558 1660 610 profecto

201 572 327 652 iilam
357 614 618 653 consecrabo
647 615 764 653 omni
792 627 954 670 genere
983 615 1354 653 monimentorum
1383 613 1435 651 ab
1465 613 1662 651 omnium

201 668 388 721 ingeniis
429 674 705 721 sumptorum
743 675 786 708 et
823 668 1094 708 Graecorum
1143 674 1184 706 et
1216 668 1504 706 Latinorum:
1551 679 1661 719 quae

203 735 274 762 res
303 723 490 762 forsitan
518 725 576 763 sit
605 725 870 763 refricatura
898 726 1059 764 vulnus
1090 737 1248 763 meum.
1308 721 1394 762 Sed
1423 724 1509 761 iam
1538 722 1662 775 quasi

202 783 305 817 voto
335 777 522 830 quodam
553 784 595 818 et
623 781 839 832 promisso
870 792 939 818 me
968 780 1111 818 teneri
1141 783 1272 831 put03
1310 779 1570 832 longumque
1608 778 1663 815 il-

203 831 282 871 lud
311 837 505 886 tempus,
550 848 684 886 quum
715 848 802 872 non
831 847 931 884 ero,
973 835 1110 887 magis
1148 846 1216 871 me
1246 840 1393 873 movet
1422 846 1551 885 quam
1581 831 1662 871 hoc

203 888 423 942 exiguum,
456 890 571 940 quod
600 889 708 928 mihi
738 896 886 929 tamen
916 890 1103 927 nimium
1132 887 1310 941 longum
1339 887 1530 927 videtur.
1574 887 1662 925 Hu-

203 941 283 981 beo
316 944 433 982 enirn
465 943 594 988 nihil,
645 945 819 984 tentatis
850 944 982 983 rebus
1013 943 1233 990 omnibus,
1286 945 1331 981 in
1372 955 1456 995 quo
1485 944 1662 995 acquie-

203 1011 336 1036 scam.
368 996 499 1041 Nam,
532 998 634 1037 dum
664 999 771 1037 illud
800 999 1060 1044 tractabam,
1093 997 1144 1036 de
1165 1012 1248 1050 quo
1271 1004 1397 1037 antea
1421 998 1580 1050 scripsi
1608 995 1663 1036 ad

204 1057 272 1100 te,
314 1054 438 1104 quasi
478 1053 675 1093 fovebam
715 1052 889 1093 dolores
932 1067 1061 1093 meos.
1121 1053 1251 1092 Nunc
1289 1055 1434 1091 omnia
1476 1066 1662 1105 respuo3

204 1119 283 1150 ‚nec
308 1107 545 1160 quidquam
568 1109 704 1147 habeo
727 1110 1013 1153 tolerabilius,
1039 1122 1163 1161 quam
1191 1105 1487 1147 solitudinem:
1519 1121 1664 1161 quam,

206 1161 323 1214 quod
353 1175 468 1203 eram
500 1165 690 1213 veritus,
733 1178 816 1203 non
846 1165 1105 1204 obturbavit
1134 1162 1377 1216 Philippus.
1436 1161 1572 1211 Nam,
1615 1168 1665 1202 ut

163 1216 302 1276 2heri
334 1230 400 1258 me
430 1219 655 1268 salutavit,
695 1220 842 1258 statim
876 1218 1055 1258 Romam
1093 1219 1317 1272 profectus
1358 1223 1434 1257 est.
1493 1218 1664 1272 Episto-

171 1279 173 1282 '
204 1270 307 1321 lam,
338 1285 467 1325 quam
496 1271 549 1312 ad
577 1273 781 1323 Brutum,
813 1280 864 1313 ut
894 1275 977 1319 tibi
1006 1275 1249 1328 placuerat,
1280 1274 1451 1326 scripsi,
1481 1274 1581 1313 misi
1610 1272 1666 1312 ad

204 1384 398 1420 B’ewusste
436 1399 484 1420 zu
523 1387 721 1421 erinnern.
773 1388 989 1429 „N'a'mljch
1023 1388 1117 1421 weil
1152 1387 1215 1420 das
1242 1387 1429 1421 ebenfalls
1456 1387 1518 1420 die
1546 1386 1664 1420 Erin-

205 1444 362 1481 nerung
397 1446 444 1466 an
470 1434 601 1467 Tullia
637 1448 672 1469 u.
708 1435 782 1469 den
809 1435 1001 1470 Schrnerz
1037 1437 1132 1469 iiber
1168 1435 1234 1468 ihr
1268 1435 1477 1468 Absterben
1515 1434 1664 1468 wieder

205 1482 374 1528 aufregt.
402 1500 448 1506 -—-
472 1486 559 1515 σαῖς.
587 1489 651 1525 est,
677 1483 792 1518 sollte
820 1495 857 1517 es
884 1484 984 1520 auch
1011 1484 1099 1517 eine
1114 1482 1390 1517 Schwaehheit
1415 1482 1510 1515 sein.
1537 1501 1584 1507 -—
1609 1485 1666 1516 De

198 1527 298 1573 fano
325 1531 389 1563 illo
416 1529 571 1563 Tulliae
607 1531 839 1565 exstruendo
879 1538 919 1565 et
946 1532 1167 1565 dedicando.
1217 1531 1253 1564 S.
1283 1544 1340 1576 ep.
1367 1532 1450 1570 528,
1480 1534 1511 1565 1.
1548 1550 1589 1556 -
1623 1531 1665 1564 de

204 1589 332 1621 genera:
359 1579 615 1613 monumenti.
645 1598 685 1604 -
714 1580 859 1619 dubito,
896 1579 962 1613 ich
988 1580 1055 1612 bin
1082 1579 1346 1625 unschliissig‚
1385 1579 1591 1626 ungewiss.
1616 1597 1664 1603 -

209 1626 351 1658 Cluatz'i
376 1627 521 1667 forma,
560 1627 622 1659 die
647 1627 906 1673 Zeichnung,
951 1627 1017 1661 der
1042 1627 1124 1659 Riss
1151 1627 1213 1659 des
1241 1627 1434 1666 Cluati=153
1474 1626 1542 1659 der
1576 1638 1663 1660 ver-

205 1671 407 1705 niulhlich
435 1673 498 1706 ein
525 1674 779 1720 geschickter
794 1674 1035 1708 Baumeister
1059 1685 1151 1708 war.
1194 1673 1230 1708 S.
1255 1686 1313 1718 ep.
1341 1676 1420 1709 553.
1451 1693 1493 1699 --
1521 1676 1562 1707 de
1587 1677 1665 1708 loco

204 1725 350 1761 tamen,
377 1731 451 1763 quo
478 1721 612 1755 fanum
639 1721 742 1755 illud
769 1728 1003 1763 exstruatur,
1030 1734 1285 1766 nonnunquam
1312 1721 1665 1767 dubita—cogites

206 1768 252 1802 de
280 1768 365 1801 loco
393 1768 584 1815 eligendo.
609 1788 655 1793 ——
681 1771 811 1808 illam,
846 1770 1041 1809 Tulliam,
1080 1772 1313 1809 consecrabo,
1352 1769 1590 1817 verewigen.
1618 1790 1666 1797 -—-

206 1819 310 1849 omni
333 1827 460 1860 genere
487 1841 495 1850 .
526 1842 533 1850 .
563 1842 571 1849 .
599 1817 835 1859 Latinorum,
864 1817 988 1850 durch
1005 1817 1260 1856 Inschriften‚
1286 1818 1385 1850 aller
1400 1817 1482 1857 Art,
1509 1818 1572 1851 die
1599 1819 1665 1853 ich

205 1874 283 1896 von
310 1863 382 1896 den
410 1863 540 1898 besten
565 1865 719 1909 K'opfen
755 1867 858 1899 aller
885 1866 953 1899 Gr.
979 1878 1014 1898 u.
1042 1865 1150 1898 Ro'm.
1178 1865 1342 1899 Dichter
1376 1877 1425 1898 zu
1453 1866 1666 1901 entlehnen

206 1922 403 1957 gesonnen
433 1911 510 1944 bin.
539 1918 601 1952 „et
626 1923 696 1957 pro
724 1914 767 1945 ab
794 1914 875 1960 leg.
903 1913 968 1946 vel
994 1912 1107 1946 haec:
1135 1915 1180 1946 ab
1207 1917 1369 1948 omnium
1389 1937 1422 1947 ..
1444 1913 1666 1948 Latinorum

206 1958 407 1994 delenda.“
457 1959 546 1992 Sch.
575 1972 675 2005 susp.
715 1961 808 1998 Non
842 1961 926 1994 sine
961 1971 1070 1994 causa
1098 1959 1185 1994 Sch.
1219 1961 1341 1994 haesit
1375 1961 1415 1993 in
1439 1962 1595 2008 vulgata
1622 1964 1666 1996 ab

207 2010 371 2040 omnium
397 2010 557 2052 ingeniis
581 2012 804 2052 scriptorum
831 2014 866 2042 et
887 2010 1104 2042 Graecorum
1130 2014 1164 2042 ct
1182 2008 1416 2050 Latinorum,
1444 2014 1486 2041 ut
1512 2011 1664 2054 opinor,

207 2060 246 2088 et
272 2061 432 2099 propter
458 2054 648 2091 ἀσύνδετον
683 2063 720 2090 et
753 2063 920 2102 propter
946 2061 1160 2089 contortam
1188 2057 1450 2090 inversionem
1477 2058 1559 2091 sine
1584 2059 1666 2091 ulla

208 2112 319 2137 causa
346 2102 559 2136 adhibitam
598 2110 634 2137 et
659 2113 828 2149 propter
853 2104 1094 2150 ἅκυρολογιάυ
1129 2116 1162 2137 v.
1191 2108 1414 2149 scriptorum
1447 2116 1518 2149 pro
1541 2109 1668 2151 Ροίἱεη-

208 2160 312 2184 rum:
362 2150 393 2184 si
433 2151 590 2192 quidem
640 2153 847 2186 manifesto
894 2152 1181 2199 intelliguntur
1222 2154 1502 2200 epigrammata
1536 2155 1666 2197 sepul-

210 2196 367 2231 chralia.
420 2198 488 2231 His
524 2199 701 2233 omnibus
737 2200 1000 2233 incommodis
1035 2199 1193 2246 egregie
1227 2202 1403 2233 medetur
1437 2201 1555 2234 lectio
1592 2201 1664 2235 Co-

210 2243 308 2279 dicis
328 2245 411 2290 sine
433 2245 549 2279 dubio
569 2248 742 2281 familiae
755 2248 934 2281 Gallicae
952 2253 1193 2291 sumptorum,
1222 2247 1261 2280 in
1274 2248 1394 2294 Mai-g.
1415 2251 1520 2288 1584,
1549 2260 1665 2292 quam

208 2291 353 2335 recepi.
408 2292 599 2328 ORELLI.
626 2311 670 2318 -—-
696 2299 828 2334 tenet-i,
855 2295 1071 2342 gebunden.
1098 2314 1144 2320 —
1181 2308 1301 2341 quum,
1327 2307 1397 2330 wo.
1447 2296 1483 2329 S.
1511 2296 1664 2332 Ramsh,

209 2343 238 2382 ᾗ,
266 2341 347 2373 203.
374 2339 434 2375 IV.
464 2343 495 2374 1.
523 2341 554 2373 b.
586 2360 633 2366 —
667 2341 733 2376 hoc
757 2346 951 2388 exiguum,
978 2353 1093 2385 quum
1123 2354 1198 2378 ero.
1225 2362 1272 2368 —
1305 2344 1429 2377 Habeo
1455 2347 1549 2378 enim
1573 2344 1671 2378 nihil

209 2386 363 2421 bezieht
393 2387 479 2421 sich
512 2390 581 2421 auf
609 2391 705 2434 quod
727 2391 824 2425 mihi
848 2396 969 2423 tamen
994 2393 1106 2424 nimis
1137 2392 1284 2436 longum
1310 2393 1463 2426 videtur.
1497 2410 1543 2417 -
1578 2397 1665 2428 tent,

207 2435 277 2469 reb.
308 2448 423 2473 omn„
460 2435 641 2482 obgleich
676 2438 742 2471 ich
768 2439 877 2472 Alles
914 2437 1112 2485 mogliche
1138 2439 1321 2472 versucht
1351 2438 1460 2475 habe.
1490 2458 1530 2465 -
1582 2441 1666 2473 dum

207 2484 305 2518 illud
328 2485 547 2523 tractabam,
574 2485 759 2519 wahrend
787 2485 858 2518 ich
885 2497 932 2518 an
963 2487 1091 2518 ienem
1116 2485 1267 2520 Werke
1293 2487 1356 2526 (de
1385 2487 1666 2528 consolatione)

209 2530 466 2568 arbeitete.—-
484 2536 593 2568 antea
618 2537 760 2578 scripsi,
789 2545 849 2577 ep.
877 2531 1198 2577 530.-—sovebam
1225 2533 1359 2569 b'zihete
1386 2534 1419 2569 d.
1441 2535 1467 2568 i.
1493 2535 1667 2568 linderte

207 2577 287 2661 ab.
336 2578 437 2660 ngne
473 2590 550 2613 von
583 2579 657 2613 den
681 2583 854 2616 Aerzten
881 2580 1082 2617 entlehnte
1108 2580 1325 2627 Metapher.
1349 2599 1396 2606 -—
1428 2595 1502 2616 non
1528 2582 1666 2618 obtat-b.

210 2661 217 2666 Α
261 2627 300 2660 il.
380 2650 387 2659 .
416 2637 475 2671 ep.
502 2627 583 2661 532.

301 2673 338 2708 2.
391 2679 428 2709 ut
453 2674 523 2708 tibi
542 2677 640 2720 plac.
691 2673 729 2708 S.
752 2687 811 2721 ep.
827 2677 900 2711 531
918 2687 1045 2725 geg-en
1056 2674 1178 2710 Ende.
1197 2694 1244 2702 —-
1271 2680 1357 2713 misi
1382 2676 1432 2710 md
1453 2681 1499 2719 te,
1525 2686 1667 2722 nempe
