1795 3081
205 104 270 151 34
470 103 537 152 M.
576 104 629 151 T.
669 99 1009 149 CICERONIS
1044 99 1427 149 EPISTOLAE.

206 229 448 276 contraque
478 224 631 276 opinio
660 220 790 261 valde
821 234 912 261 esse
943 220 1216 274 impeditum.
1277 221 1429 275 Itaque
1459 235 1539 261 nec
1570 225 1672 261 mit-

205 286 266 329 to,
296 285 346 317 ut
376 280 708 328 constitueram,
752 276 1014 316 Ciceronem
1057 283 1100 315 et
1139 283 1181 315 te
1220 288 1347 332 rogo,
1388 284 1437 316 ut
1466 290 1535 316 me
1565 278 1669 325 hinc

205 333 421 387 expedias.
482 332 681 384 Quodvis
725 334 842 371 enim
871 332 1141 385 supplicium
1180 332 1323 371 levius
1362 338 1430 372 est
1459 332 1542 373 hac
1571 346 1671 385 per-

204 390 442 427 mansione.
503 388 601 429 Hac
635 387 688 427 de
719 401 768 427 re
799 394 843 426 et
872 386 927 426 ad
957 387 1198 425 Ankonium
1227 389 1385 440 scripsi
1415 394 1459 427 et
1488 387 1543 427 ad
1572 388 1672 427 ssal-

204 445 308 483 bum
347 450 391 482 et
425 443 480 482 ad
520 442 723 497 Oppium.
796 441 900 482 Sive
943 443 1059 481 enim
1097 443 1262 481 bellum
1302 445 1347 481 in
1388 443 1518 482 Italia
1555 444 1673 482 futu-

205 513 304 537 rum
334 505 400 537 est
429 500 521 538 sive
552 499 762 537 classibus
792 504 959 548 utetur,
991 497 1063 537 hic
1094 511 1186 536 esse
1215 511 1284 537 me
1313 499 1495 537 minime
1513 510 1672 537 conve-

163 554 170 564 “
204 555 295 592 nit:
330 567 518 605 quorum
549 556 735 593 foitasse
766 559 1004 605 utrumque
1033 554 1149 600 erit3
1180 554 1372 592 alterum
1402 560 1535 593 certe.
1602 553 1673 591 In-

205 609 360 648 tellexi
391 610 569 648 omnino
601 623 653 648 ex
683 609 817 662 Oppii
847 620 1066 658 sermone,
1099 620 1229 659 quem
1266 615 1315 647 tu
1354 609 1463 647 mihi
1493 622 1564 647 sci
1567 609 1671 661 ipsi—

203 665 274 711 sti,
306 676 418 715 quae
447 665 634 703 ist01um
666 666 738 704 via
768 669 905 702 esset:
945 661 1034 713 sed,
1074 669 1125 701 ut
1154 677 1249 703 eam
1278 666 1441 714 flectas,
1473 670 1515 702 te
1547 676 1669 718 logo.

202 718 331 757 Nihil
362 720 541 758 omnino
572 721 660 758 iam
691 725 894 772 exspecto
926 719 1012 756 nisi
1041 719 1264 757 miselum.
1325 718 1412 758 Sed
1450 720 1534 759 hoc
1572 732 1672 771 pei-

203 773 353 823 ditius,
399 775 444 812 in
476 787 561 826 quo
606 789 720 814 nunc
757 787 866 822 sum,
908 773 1007 812 fieri
1050 773 1165 811 nihil
1205 781 1361 826 potesl.
1423 774 1584 826 Quare,
1629 780 1673 811 et.

203 842 301 868 cum
319 828 511 867 Antonio
534 830 734 882 loquare,
764 830 916 877 velim,
948 834 992 867 et
1021 840 1121 866 cum
1151 830 1271 877 istis,
1304 836 1349 868 et
1377 843 1486 879 rem,
1516 835 1566 867 ut„
1595 842 1670 881 po-

204 885 326 934 «eris,
349 884 593 936 expediam,
635 893 677 924 et
706 885 815 923 mihi
854 884 1181 935 quamprimum
1223 883 1275 924 de
1307 885 1510 923 omnibus
1542 884 1672 921 rebus

208 940 435 977 rescribas.
497 939 623 980 Vale.
683 955 763 978 xii.
796 939 895 977 Kal.
930 937 1078 989 Quint.

322 1124 644 1176 EPISTULA
682 1125 958 1177 CCCCXV.
1021 1124 1104 1184 (ad
1137 1127 1252 1175 Div.
1289 1127 1424 1177 XIV.
1462 1128 1558 1185 15.)

299 1238 380 1274 scr
409 1228 604 1272 Brundis‘ii
637 1238 721 1271 ΧΠ.
751 1239 833 1272 Kal.
863 1192 988 1282 Quint.
1021 1239 1064 1272 A.
1092 1240 1136 1274 U.
1165 1238 1205 1272 c,
1235 1241 1315 1274 707.
1354 1239 1461 1281 (mc
1464 1239 1577 1280 ..117)

202 1335 415 1368 Consilium
435 1334 480 1368 de
501 1333 583 1367 filio
605 1334 651 1366 ad
664 1333 859 1368 Caesarem
883 1335 1072 1368 mittendo
1092 1338 1279 1367 mutatum
1302 1334 1517 1382 significat:
1545 1339 1650 1367 ορῐρῑ
1653 1346 1671 1367 a

202 1382 423 1416 Terentiam
453 1393 472 1415 e
499 1381 584 1415 Sica
611 1382 874 1428 cognitulum.
926 1383 1099 1415 Tulliam
1134 1393 1172 1414 se
1208 1363 1358 1414 adhuct>
1369 1393 1497 1415 secum
1525 1387 1668 1415 tenere.

510 1475 728 1510 TULLIUS
756 1476 792 1510 S.
821 1476 866 1509 D.
895 1474 1189 1510 TERENTIAE
1216 1475 1358 1511 SUAE.

311 1560 359 1600 Si
398 1560 535 1610 vales,
575 1560 685 1598 bene
727 1566 803 1598 est..
865 1559 1260 1609 Constitueramus,
1306 1566 1357 1598 ut
1386 1560 1440 1600 ad
1470 1567 1513 1600 te
1544 1569 1671 1601 antea

199 1617 480 1668 scripseram,
512 1616 690 1653 obviam
721 1614 981 1654 Ciceronem
1013 1614 1193 1654 Caesari
1222 1615 1431 1664 mittere3
1470 1615 1546 1655 sed
1574 1631 1669 1655 mu-

200 1673 392 1711 tavimus
422 1671 672 1719 consilium,
712 1671 819 1722 ¹quia
859 1668 912 1708 de
943 1670 1065 1708 illius
1096 1669 1288 1709 adventu
1316 1670 1430 1709 nihil
1461 1671 1669 1711 audieba-

197 1724 330 1765 mus?
364 1726 431 1765 De
462 1727 620 1765 ceteris
651 1725 798 1775 rebus,
836 1725 919 1764 etsi
949 1724 1063 1763 nihil
1095 1731 1191 1764 erat
1220 1727 1341 1776 novi,
1387 1732 1532 1765 tamen
1563 1727 1668 1779 quid

197 1782 386 1821 velimus
417 1787 461 1820 et
490 1779 596 1833 quid
625 1780 709 1820 hoc
740 1787 939 1832 tempore
969 1785 1171 1832 putemus
1196 1792 1305 1833 opus
1328 1794 1434 1831 csse,
1467 1795 1518 1821 ex
1540 1781 1667 1821 Sicca

199 1838 367 1889 poteris
399 1848 678 1891 cognoscere.
738 1835 937 1873 Tulliam
967 1833 1110 1873 adhuc
1140 1849 1311 1875 mecum
1340 1842 1482 1876 teneo.
1530 1837 1666 1876 Vale-

197 1890 397 1932 tudinem
435 1897 557 1930 tuam
596 1903 703 1929 cula
740 1890 990 1946 diligentel.
1050 1890 1177 1930 Vale.
1236 1906 1315 1930 xii.
1348 1891 1446 1931 Kal.
1480 1891 1665 1945 Quintil.

295 2057 325 2089 1.
382 2055 438 2087 De
465 2055 567 2087 illius
594 2051 774 2086 Caesaiis.
811 2070 858 2076 —
897 2053 1140 2086 Alexanszca
1177 2052 1260 2085 Asc.
1295 2055 1326 2086 1.
1372 2051 1474 2085 Crat.
1503 2052 1601 2086 Vict.
1632 2058 1667 2101 l⁷

196 2102 327 2136 Lamb.
355 2103 400 2135 ab
425 2104 525 2136 Alex.
554 2101 589 2135 S.
617 2100 814 2146 volvorig.
844 2099 907 2133 ΒΓ.
935 2102 963 2144 §.
991 2104 1024 2136 3.
1053 2119 1099 2124 —
1125 2101 1238 2134 nihil.
1249 2104 1437 2137 mammis,
1467 2106 1665 2147 contraque

196 2152 324 2195 opinio
350 2149 497 2183 obtinet
524 2154 595 2182 cet
634 2148 826 2181 verlautet
851 2147 951 2181 noch
978 2146 1129 2188 Nich†s‚
1156 2148 1321 2181 sondern
1347 2149 1400 2180 im
1427 2148 1664 2195 Gegentheil

195 2195 375 2230 herischt
399 2197 461 2230 die
492 2198 687 2244 Meinung,
721 2196 811 2229 (lass.
846 2214 894 2219 —
933 2201 972 2228 ut
997 2200 1269 2230 constitueram.
1307 2198 1353 2229 cf.
1384 2207 1442 2240 ep
1471 2199 1552 2231 412.
1580 2201 1661 2233 413.

195 2264 243 2270 —
266 2248 534 2290 permansione,
568 2226 670 2278 Asc?
679 2247 711 2277 1.
753 2244 852 2278 Crat.
880 2247 1078 2285 mansione,
1116 2244 1170 2277 als
1208 2243 1331 2278 dieser
1362 2244 1465 2277 mein
1500 2245 1663 2280 Aufent-

195 2293 279 2326 halt
304 2305 352 2326 zu
377 2293 635 2326 Brundisium.
678 2311 724 2316 —
772 2293 933 2326 Balbum.
967 2292 1003 2325 S.
1030 2304 1078 2324 zu
1103 2303 1159 2336 ep.
1188 2295 1257 2327 339
1284 2292 1338 2324 im
1364 2293 1449 2325 Anf.
1492 2312 1538 2317 —
1583 2295 1663 2328 Size

195 2353 290 2375 emm
326 2342 457 2374 bellum
494 2340 647 2373 illatum
686 2352 705 2373 a
736 2340 975 2384 Pompeianis
1009 2345 1092 2373 tum
1130 2340 1285 2384 quidem
1320 2340 1360 2373 in
1394 2340 1524 2374 Africa
1559 2342 1661 2376 vires

195 2388 375 2433 Scipione
402 2388 497 2422 duce
524 2388 806 2435 colligentibus.
836 2389 1014 2423 MANUT.
1045 2407 1092 2412 —
1125 2392 1196 2421 sive
1224 2390 1396 2422 classibus
1423 2393 1546 2423 utetur
1573 2390 1661 2424 cao-

195 2448 267 2479 5313
294 2448 373 2471 non
400 2442 632 2481 exspectans,
660 2441 701 2468 ut
729 2436 768 2468 in
794 2436 944 2470 Italiam
973 2436 1179 2469 traiiciant.
1215 2436 1394 2470 MANUT.

287 2510 323 2544 2.
375 2522 416 2543 esc
444 2509 559 2554 Oppii
574 2520 743 2541 sermone.
771 2507 806 2540 S.
825 2508 928 2552 epist.
956 2509 1037 2549 412,
1056 2511 1087 2543 3.
1115 2526 1160 2532 -
1188 2509 1253 2541 hoc
1274 2509 1469 2551 perditius,
1494 2510 1660 2544 Verdor-

194 2557 351 2590 beneres
389 2557 444 2590 als
479 2556 538 2590 die
573 2556 687 2603 Lago,
735 2556 861 2589 worin
895 2556 959 2589 ich
1002 2556 1095 2590 ietzt
1135 2554 1241 2588 mich
1276 2556 1440 2599 befinde,
1482 2557 1583 2590 kann
1623 2570 1659 2592 es

194 2603 332 2639 Nichts
357 2604 489 2651 geben.
516 2623 563 2629 -—-
589 2616 658 2638 ΧΠ.
685 2606 769 2638 Kal.
802 2606 940 2648 Quint„
969 2616 1029 2638 am
1056 2605 1112 2639 20.
1142 2603 1289 2637 Iunius.
1312 2629 1315 2631 —

291 2691 322 2721 1.
378 2689 483 2722 Sicca
508 2700 534 2721 s.
564 2689 647 2721 Sica
673 2687 861 2721 familiari
880 2687 1089 2729 Ciceronis,
1117 2688 1159 2720 in
1187 2688 1293 2721 cuius
1318 2687 1436 2723 fundo
1454 2689 1659 2724 Vibonensi

193 2737 332 2783 fue-rat,
360 2747 478 2781 quum
505 2736 545 2770 in
572 2736 751 2771 exsilium
778 2735 863 2769 ibat.
900 2737 947 2769 cf.
977 2747 1035 2783 ep.
1064 2736 1156 2770 LIX.
1186 2737 1285 2770 SCH.
