1795 3081
489 70 807 118 EnsTOLA
846 70 1196 121 ccccxxxv.
1500 74 1562 118 65
1624 36 1628 37 ἢ

90 204 173 243 que
204 192 398 230 munitus
428 191 606 240 fuerim,
637 203 723 228 non
754 191 946 246 ignoras.
1007 190 1106 231 Hoc
1137 191 1248 232 mihi
1287 194 1422 233 velim
1466 207 1561 234 cre-

90 247 189 286 das:
223 248 260 285 si
291 245 396 299 quid
426 247 609 285 fecerim
639 245 724 284 hoc
767 248 862 298 ipso
906 246 952 282 in
983 245 1101 284 bello
1132 249 1278 288 minus
1320 263 1373 289 ex
1405 249 1560 289 Caesa-

90 303 151 340 ris
190 303 436 351 voluntate‚
478 321 531 328 —
576 299 694 353 quod
731 300 1029 340 intellexerim
1069 302 1186 341 scire
1223 305 1366 357 ipsum
1406 305 1562 346 Caesa-

90 370 182 397 rem
214 370 284 397 me
313 357 627 395 invitissimum
659 357 828 406 fecisse,
872 377 926 383 ·—
970 354 1015 394 id
1051 357 1204 397 fecisse
1234 360 1424 399 aliorum
1457 372 1561 398 con-

88 413 206 461 silio,
237 413 433 462 hortatu,
465 412 758 450 auctoritate:
803 409 921 463 quod
950 412 1112 450 fuerim
1143 412 1420 454 moderatior
1449 421 1559 454 tem-

89 469 390 520 peratiorque,
433 479 563 518 quam
601 467 646 504 in
678 479 728 505 ea
767 472 894 518 parte
931 467 1177 518 quisquam,
1208 467 1255 508 id
1293 483 1363 510 me
1401 471 1560 510 fecisse

87 524 279 562 maxime
318 523 586 562 auctoritate
616 521 871 574 Capitonis:
917 523 1040 560 cuius
1080 522 1248 562 similes
1287 525 1325 563 si
1362 526 1559 577 reliquos

88 578 358 617 necessarios
388 576 653 626 habuissem,
685 578 752 615 rei
775 576 978 630 publicae
996 580 1183 617 fortasse
1200 580 1421 630 nonnihil,
1447 580 1557 620 mihi

87 640 208 673 certe
244 633 487 685 plurimum
526 633 806 684 profuissem.
866 631 996 670 Hanc
1041 645 1151 683 rem,
1197 635 1260 672 mi
1303 634 1476 681 Plance,
1521 637 1559 674 si

87 690 302 737 effeceris,
342 701 484 727 meam
514 687 567 726 de
597 693 674 726 tua
704 700 811 744 erga
839 700 908 727 me
945 687 1257 727 benevolentia
1290 702 1410 742 spem
1455 702 1557 729 con-

84 743 349 792 firmaveris,
400 744 543 796 ipsum
590 742 866 796 Capitonem,
916 743 1235 798 gratissimum,
1286 744 1557 784 officiosissi-

85 813 221 848 mum,
251 800 466 851 optimum
496 799 661 848 x-irum,
693 797 748 837 ad
778 804 898 838 tuam
929 797 1298 839 necessitudinem
1328 805 1406 839 tuo
1438 814 1554 840 sum-

84 868 154 893 mo
189 854 399 893 beneficio
430 852 700 892 adiunxeris.

162 1016 477 1067 EPISTOLA
517 1017 867 1068 CCCCXXXV.
929 1016 1012 1076 (ad
1046 1017 1160 1066 Div.
1198 1018 1334 1067 XIII.
1372 1019 1470 1077 78.)

331 1105 413 1142 Ser.
440 1105 578 1140 Romae
606 1106 718 1141 initio
745 1106 788 1140 A.
817 1107 860 1141 U.
892 1106 933 1140 c.
960 1108 1042 1143 708.
1085 1110 1133 1150 (a.
1163 1106 1202 1142 c,
1223 1108 1304 1149 46.)

84 1178 188 1220 Petit,
222 1183 264 1211 ut
297 1178 568 1212 Democritum
603 1177 830 1223 Sicyonium
864 1179 906 1213 in
932 1191 1037 1212 suam
1064 1179 1180 1213 fidem
1209 1179 1382 1224 recipiat.
1419 1180 1551 1214 1-2.

522 1252 569 1284 M.
611 1249 789 1284 CICERO
821 1249 1044 1284 ALLIENO
1077 1250 1112 1285 S.

192 1322 476 1362 Democritus
515 1322 751 1375 Sicyonius
793 1335 880 1361 non
923 1323 1067 1361 solum
1109 1322 1268 1376 hospes
1310 1335 1432 1362 meus
1470 1328 1549 1374 est,

83 1376 158 1416 sed
188 1379 336 1427 etiam,
367 1377 485 1429 quod
514 1391 602 1417 non
632 1379 782 1416 multis
804 1379 1038 1431 contingit,
1069 1377 1251 1417 Graecis
1273 1380 1551 1431 praesertim,

81 1431 211 1472 valde
240 1433 488 1472 familiaris.
546 1433 621 1472 Est
652 1433 768 1472 enim
798 1434 844 1471 in
875 1446 926 1471 eo
948 1446 1116 1472 summa
1137 1433 1352 1486 probitas,
1383 1446 1551 1472 summa

82 1489 242 1537 virtus,
297 1501 465 1526 summa
514 1489 560 1527 in
611 1487 805 1540 hospites
854 1488 1102 1527 liberalitas
1146 1494 1190 1527 et
1240 1489 1548 1527 observantia:

81 1602 186 1636 seine
221 1601 525 1649 Riickberufung
558 1614 622 1635 aus
658 1601 745 1636 dem
778 1602 888 1636 Exsil
914 1615 951 1636 u.
987 1615 1013 1636 s.
1050 1603 1075 1636 f.
1103 1620 1151 1626 —
1184 1605 1359 1636 munitus.
1408 1604 1548 1640 Manut,

79 1661 179 1694 susp.
207 1653 387 1684 inimicus.
437 1650 510 1683 Die
535 1650 789 1698 xvichtigsten
815 1650 896 1683 und
921 1650 1222 1684 bedeutendsten
1247 1656 1365 1684 unter
1384 1651 1549 1685 Cicero's

81 1698 286 1732 Freuntlen
320 1709 454 1731 waren
493 1697 622 1731 C'zisars
663 1698 832 1732 erkl'arte
860 1698 1029 1747 Gegner.
1065 1718 1112 1723 —
1141 1700 1184 1732 id
1206 1710 1268 1733 me
1286 1698 1433 1742 fecisse.
1484 1699 1548 1733 Sic

81 1746 179 1779 coni.
209 1746 250 1779 in
278 1747 395 1794 Marg.
426 1747 521 1780 1584
557 1746 654 1779 ΕΓΗ.
687 1746 774 1780 seh.
813 1747 912 1783 Liin.
937 1747 1020 1792 feci
1046 1746 1143 1782 Cett.
1171 1758 1259 1781 culn
1288 1746 1359 1780 Md.
1399 1749 1473 1781 ΟΒ.
1501 1766 1547 1772 —-

79 1799 241 1839 temper„
268 1794 520 1827 besonnener.

173 1856 207 1889 8.
260 1855 439 1898 confirm„
465 1854 680 1888 best'drkcn.
705 1873 753 1879 -
781 1856 1006 1894 adiunxeris,
1033 1853 1112 1888 und
1138 1854 1250 1889 wirst
1276 1866 1323 1888 an
1350 1855 1544 1900 Capito...

80 1901 194 1934 einen
221 1902 378 1935 Freund
403 1902 624 1949 gewinnen.
675 1902 872 1944 Adiunxit,
911 1907 948 1936 et
978 1903 1030 1935 ita
1057 1902 1229 1947 quidem,
1254 1908 1298 1936 ut
1332 1904 1411 1937 eius
1447 1903 1547 1948 apud

80 1949 263 1982 Plancum
291 1960 407 1994 opera
433 1951 474 1982 in
501 1950 623 1983 Attici
650 1962 692 1984 re
721 1950 857 1983 Cicero
884 1951 933 1983 sit
959 1963 1058 1991 usus,
1086 1950 1189 1995 quod
1215 1950 1294 1984 eius
1320 1951 1367 1984 ad
1393 1951 1546 1995 Capito-

80 2009 168 2031 nem
209 1997 370 2041 epistola
417 1997 585 2032 declarat
624 1998 729 2032 Libr.
764 1998 855 2034 XVI
899 1998 946 2031 ad
990 1997 1104 2031 Attio.
1153 1998 1347 2041 (DCCXL.
1388 1999 1426 2032 h.
1470 2000 1545 2044 ed.)

174 2119 217 2150 A.
244 2117 499 2160 ALLIENUS,
535 2120 605 2154 705
632 2120 778 2161 Frater,
814 2119 869 2151 als
896 2118 1008 2152 C'dsar
1035 2118 1109 2151 den
1136 2119 1338 2164 Pompeius
1371 2130 1435 2151 aus
1472 2118 1546 2151 Ita-

77 2165 160 2199 lien
187 2166 372 2199 vertrieb.
426 2166 559 2200 Durch
587 2167 648 2200 die
674 2167 882 2201 Umst'a'nde
909 2166 1117 2213 genethigt
1143 2171 1221 2200 trat
1255 2179 1299 2200 er
1324 2168 1392 2200 auf
1416 2166 1545 2200 C'asars

76 2213 179 2247 Seite
206 2213 282 2246 und
308 2213 418 2247 stand
444 2214 499 2247 im
527 2215 700 2263 Anfange
737 2214 802 2249 des
837 2214 944 2248 lahrs
977 2216 1048 2250 708
1079 2213 1267 2249 wahrend
1303 2214 1366 2248 des
1394 2214 1545 2247 Africa-

79 2261 242 2295 nischen
269 2262 429 2309 Krieges
454 2263 509 2295 als
535 2263 745 2297 Proconsul
774 2263 816 2296 in
843 2262 1018 2302 Sicilien,
1055 2273 1131 2296 von
1157 2274 1218 2297 wo
1246 2273 1288 2297 er
1315 2263 1403 2295 dem
1432 2262 1546 2295 C'zisar

77 2310 143 2342 auf
174 2309 302 2343 dessen
338 2309 585 2357 dringenden
623 2310 759 2344 Befehl
795 2311 894 2344 zwei
930 2311 1130 2358 Legionen
1165 2310 1246 2344 und
1283 2309 1545 2343 achthundert

78 2357 209 2390 Reiter
236 2355 333 2390 nach
361 2358 490 2390 Africa
517 2358 702 2393 schickte.
754 2358 789 2392 S.
819 2359 920 2391 Hirt.
948 2358 1043 2392 Bell.
1074 2358 1196 2392 Afric.
1224 2370 1257 2392 e.
1284 2360 1342 2394 28.
1369 2361 1426 2393 312.
1480 2357 1544 2390 Als

77 2405 165 2438 aber
193 2405 291 2437 nach
319 2405 446 2438 C'dsars
473 2406 726 2453 Erxnordung
760 2407 842 2440 sich
871 2406 1000 2452 cinige
1037 2406 1238 2453 Hoffnung
1271 2418 1343 2439 zur
1368 2405 1544 2439 Freiheit

78 2453 225 2486 wieder
260 2453 396 2500 zeigte,
436 2454 569 2488 wollte
612 2467 666 2495 er,
705 2455 774 2487 der
811 2455 865 2486 als
899 2454 1017 2501 Legat
1053 2460 1170 2487 unter
1206 2454 1294 2488 dem
1329 2453 1542 2487 Trebonius

79 2500 216 2539 diense,
243 2505 359 2534 unter
386 2501 594 2542 Dolabella,
627 2503 709 2536 dem
725 2502 880 2535 Morder
906 2501 1104 2536 desselben
1131 2501 1241 2535 nicht
1267 2502 1429 2542 dienen,
1458 2513 1543 2534 son-

79 2549 173 2581 dcrn
200 2549 297 2595 gino-
330 2549 402 2581 mit
435 2550 521 2583 vior
546 2551 745 2596 Legionen
775 2561 862 2583 zum
890 2549 930 2584 C.
958 2549 1106 2584 Cassius
1140 2550 1240 2583 nach
1266 2549 1409 2594 Syrien
1436 2549 1540 2582 iiber.

78 2595 114 2629 S.
144 2580 312 2641 Philip-1⁸).
338 2596 402 2638 xl,
429 2600 485 2632 13.
523 2598 568 2631 ad
594 2599 742 2632 nivers.
770 2598 853 2637 ΧΠ,
880 2601 938 2632 11.

96 2663 113 2690 Γ
174 2660 207 2690 1.
256 2657 452 2701 contingit.
482 2657 555 2691 Md.
574 2659 678 2693 Vict.
696 2660 729 2693 2.
754 2660 922 2703 contigit.
941 2677 986 2683 --
1007 2662 1154 2703 praeter·
1175 2661 1254 2698 cet„
1276 2657 1395 2702 Neap.
1410 2655 1494 2690 Asc.
1510 2659 1541 2691 1.

78 2702 177 2737 Crat.
192 2704 319 2738 Lamb.
339 2716 427 2748 prae
442 2708 577 2741 ceteris.
602 2707 676 2740 ΟΒ.
699 2717 796 2746 „vor
815 2705 1169 2753 Andern.‘f¹—colc't
1187 2703 1357 2747 honore3
1381 2705 1543 2739 observat

125 2775 343 2809 Cic.B1=iefe
357 2776 562 2811 memori).
592 2780 659 2812 ιιι.
1241 2770 1269 2809 5
