1795 3081
567 77 886 127 EPISTOLA
932 77 1104 125 DXCI.
1453 87 1549 132 339

23 241 25 244 .
257 196 579 248 EPISTOLA
613 199 782 246 DXCI.
839 197 919 256 (ad
955 198 1058 246 Att.
1096 196 1227 248 XIII.
1265 202 1363 260 31.)

74 273 156 309 scr.
186 274 227 307 in
256 276 473 310 Tusculano
508 287 539 308 a.
568 274 602 308 d.
631 276 680 311 v.
708 275 792 309 Kal.
821 274 949 317 Quint.
977 275 1016 309 A.
1045 276 1090 309 o.
1119 276 1157 310 c.
1185 279 1266 312 709.
1313 279 1364 319 (a.
1395 278 1435 313 c,
1464 281 1543 323 45.)

20 339 21 342 “
74 345 129 379 De
155 345 273 378 Attici
301 346 467 381 adventu
492 351 721 391 exspectato.
750 348 782 380 1.
811 345 856 379 de
875 345 1103 380 Dicaearchi
1129 346 1240 381 libris
1266 349 1481 385 mittendis.
1505 354 1538 386 2.

76 393 121 427 de
150 394 311 438 epistola
337 394 384 428 ad
410 396 609 430 Caesarem
636 393 836 427 mittenda.
872 396 906 428 3.
941 394 987 428 de
1013 393 1135 428 hortis
1162 394 1386 441 Scapulanis
1412 410 1541 433 emen-

454 442 534 484 dis;
574 443 619 476 de
647 441 778 484 Quinti
804 441 879 474 filii
907 442 1073 479 luxuria.
1112 445 1146 477 4.

575 513 757 547 CICERO
783 511 963 546 ATTICO
991 511 1029 548 S.

182 587 223 613 v.
254 573 353 613 Kal.
384 585 511 613 mane
541 575 692 627 accepi
722 586 747 612 a
765 572 930 612 Demea
953 573 1112 617 ‚literas
1141 574 1287 627 pridie
1317 576 1453 630 datas,
1485 593 1537 619 ex

16 674 17 678 Ἰ
73 628 229 680 quibus
261 636 337 668 aut
365 628 498 668 hodie
540 636 618 669 aut
655 641 752 667 cras
790 634 834 667 te
874 634 1128 680 exspectare
1158 630 1377 674 deberem.
1435 634 1537 687 Sed,

17 687 20 693 ¹
69 690 120 722 ut
148 685 324 736 opinor,
353 683 471 723 idem
500 697 596 739 ego,
639 685 715 737 qui
746 689 948 736 exspecto
987 689 1112 724 tuum
1150 685 1402 740 adventum,
1440 703 1537 729 mo-

70 739 207 777 rabor
244 745 300 778 te.
372 740 476 778 Non
519 741 634 779 enim
674 745 781 792 puto
824 745 914 778 tam
953 739 1205 791 expeditum
1246 743 1536 784 Faberianum

15 803 19 844 j
70 795 295 848 negotium
337 796 540 833 futurum
577 816 634 823 —
671 796 803 834 etiam
843 795 881 832 si
917 800 981 832 est
1016 795 1218 834 futurum
1254 818 1308 826 ——-
1356 805 1407 838 ut
1448 813 1536 838 non

15 876 18 888 .
70 849 231 888 habeat
276 848 447 902 aliquid
485 862 651 889 morae.
722 850 865 901 Quum
910 850 1078 901 poteris
1124 851 1279 905 igitur,
1325 852 1532 905 quoniam

67 903 308 943 etiamdum
345 905 460 944 abes.
539 904 823 954 Dicaearchi,
877 916 984 956 quos
1027 905 1200 957 scribis,
1247 907 1388 947 libros
1430 909 1572 948 sane2

12 1010 13 1013 Ἴ
65 960 202 998 velim
232 959 343 998 mihi
371 961 543 999 mittas:
576 960 708 1000 addas
739 961 871 999 etiam
901 955 1197 1010 καῑαβάσεως.
1249 961 1316 1002 De
1345 964 1573 1016 epistola3

12 1019 13 1022 ’
68 1013 124 1053 ad
154 1014 400 1065 Caesarem,
432 1013 626 1071 κέκρικα.
685 1016 829 1066 Atque
868 1013 914 1052 id
949 1015 1107 1066 ipsum,
1153 1016 1270 1068 quod
1304 1019 1380 1057 isti
1409 1020 1534 1058 aiunt

13 1075 16 1121 J
64 1070 195 1109 illum
225 1070 437 1121 scribere,
468 1083 528 1121 se,
564 1071 650 1109 nisi
689 1070 942 1109 constitutis
973 1069 1119 1120 1'ebUS‚
1160 1084 1249 1110 non
1286 1074 1456 1113 iturum
1485 1075 1532 1113 in

13 1127 16 1174 j
62 1125 274 1176 Part11053
304 1123 420 1164 idem
450 1138 530 1180 ego
560 1124 795 1164 suadebam
825 1126 871 1162 in
902 1125 982 1162 illa
1012 1125 1224 1176 epistola:
1255 1129 1350 1177 εἰη,
1381 1133 1532 1167 utrum

13 1187 15 1218 ἑ
61 1181 240 1230 liberet,
280 1181 426 1219 facere
463 1193 603 1232 posse,
644 1186 826 1219 auctore
863 1193 944 1218 me.
1024 1179 1126 1218 Hoc
1176 1183 1293 1222 enim
1337 1184 1415 1222 isse
1457 1198 1531 1223 ex-

13 1270 14 1280 ,
63 1241 232 1288 spectat
275 1234 488 1274 videlicet
526 1249 666 1288 neque
706 1241 770 1274 est
806 1237 1005 1274 facturus
1050 1234 1305 1288 quidquam,
1348 1239 1433 1276 nisi
1477 1239 1531 1278 de

11 1288 13 1318 5
61 1303 159 1330 meo
190 1290 391 1329 consilio.
446 1290 658 1341 Obsecro,
689 1292 948 1329 abiiciamus
979 1291 1065 1328 ista
1096 1297 1139 1329 et
1168 1293 1414 1332 semiliberi
1445 1295 1531 1333 sal-

157 1386 188 1416 1.
239 1394 279 1415 V.
307 1384 391 1416 Kal.
421 1383 596 1425 Quintil„
624 1395 682 1415 am
709 1385 765 1417 28.
794 1383 933 1416 lunius.
965 1401 1005 1406 —
1037 1383 1185 1423 Demea,
1215 1383 1348 1417 eodem
1375 1385 1529 1426 liberto,
1586 1414 1591 1420 ,

11 1438 13 1465 ι’
65 1443 179 1475 quem
207 1442 245 1464 se
272 1430 317 1462 ad
343 1430 514 1463 Atticum
540 1430 731 1464 remisisse
757 1430 957 1474 superiore
985 1429 1145 1473 epistola
1172 1429 1330 1464 dixerat.
1358 1433 1458 1466 SCH.
1482 1451 1530 1457 -—-

62 1480 167 1519 idem,
195 1479 300 1511 eben.
326 1496 372 1503 —
397 1480 537 1514 morab.
567 1484 612 1518 te,
646 1478 776 1511 werde
802 1478 973 1512 Ursache
998 1477 1139 1510 Deines
1163 1476 1410 1513 Ausbleibens
1436 1481 1528 1515 sein.

11 1520 12 1550 3
60 1546 107 1552 —
131 1527 261 1561 Faber.
288 1531 407 1571 negot.
443 1526 479 1560 S.
509 1526 542 1560 d.
570 1529 651 1561 589.
678 1526 740 1559 ΒΓ.
769 1526 795 1568 §.
825 1529 858 1561 2.
886 1544 930 1550 —
951 1529 1094 1570 poteris
1120 1528 1250 1569 igitur,
1278 1527 1361 1561 scil.
1382 1528 1528 1563 venies.

9 1582 11 1593 ⁴
60 1594 107 1600 —
134 1575 341 1609 etiamdum.
371 1574 511 1608 Forte:
540 1577 740 1608 etiamnum
766 1574 829 1607 vel
856 1577 968 1608 etiam
993 1585 1097 1607 nunc.
1125 1574 1261 1607 Muret.
1288 1586 1388 1620 susp.
1415 1588 1529 1621 quon-

9 1616 11 1644 Ᾰ
61 1627 138 1658 iam
163 1623 226 1656 dia
252 1621 344 1655 abes.
385 1622 460 1655 OR.

155 1672 190 1705 2.
240 1671 475 1703 Dicaearchi.
507 1670 592 1703 Vid.
616 1681 673 1714 ep.
697 1668 794 1703 DXC
820 1668 886 1702 sub
913 1668 1000 1702 fine.
1038 1667 1193 1702 Attikus
1219 1669 1325 1703 hatte
1353 1669 1436 1703 ihm
1463 1682 1529 1719 ge-

9 1722 11 1739 =¹
60 1718 278 1760 schrieben,
308 1717 388 1751 dass
416 1729 459 1751 er
485 1717 567 1750 ihm
596 1730 643 1750 zu
670 1717 751 1750 dem
781 1716 945 1750 daselbst
963 1716 1190 1750 erw'zihnten
1209 1717 1376 1751 Zwecke
1397 1718 1528 1766 einige

7 1766 10 1775 “
60 1767 263 1800 Schriften
291 1765 354 1799 des
380 1765 614 1798 Dic'aarchus
640 1765 831 1799 zusenden
858 1764 986 1798 welle.
1017 1782 1056 1788 —
1085 1763 1401 1806 καταβάσεως,
1430 1766 1528 1799 kurz

8 1817 9 1820 ’
57 1820 100 1849 st.
121 1812 348 1848 Dicaearchi
367 1813 511 1846 librum
537 1817 615 1860 περὶ
640 1815 700 1855 τῆς
726 1817 772 1853 εἰς
802 1815 1006 1860 Τροφωνίου
1033 1811 1275 1857 καταβάσεως,
1303 1813 1347 1847 de
1369 1814 1527 1848 descen-

60 1874 102 1895 su
136 1862 178 1894 in
211 1867 363 1894 antrum
390 1861 623 1905 Trophonii,
661 1861 703 1892 in
739 1872 812 1904 quo
842 1861 1019 1893 Chaeron
1055 1859 1210 1903 quidam
1248 1866 1391 1902 narrat,
1431 1874 1527 1905 quae

60 1910 114 1942 ibi
140 1910 294 1943 viderit.
348 1910 432 1944 Man
458 1910 558 1955 stieg·
595 1909 637 1941 in
666 1908 767 1941 (liese
795 1906 1055 1941 Orakelh'dhle
1081 1907 1143 1940 bei
1167 1907 1334 1941 Lebadia
1360 1909 1402 1941 in
1428 1910 1525 1943 Βὸο-

59 1958 140 1992 tien
168 1958 241 1989 mit
267 1956 553 2003 Honigkuchen
579 1956 620 1988 in
646 1955 783 1989 beiden
810 1956 970 1988 Hkinden
995 1954 1122 1992 hinab,
1161 1967 1226 1987 um
1261 1956 1322 1989 die
1349 1956 1526 1989 Zukunft

7 2016 9 2029 ²
58 2018 106 2039 zu
133 2005 325 2039 erfahren.
363 2005 398 2038 S.
426 2004 581 2038 Tuscul.
611 2005 641 2045 Ι,
668 2007 726 2040 ¹47.
760 2005 846 2038 Nat.
874 2003 987 2038 Deor.
1015 2003 1087 2045 ΙΙΙ,
1115 2004 1172 2038 22.
1210 2003 1296 2037 Liv.
1322 2003 1438 2044 XLV,
1464 2006 1523 2039 27.

6 2085 8 2090 ,
59 2054 155 2087 Plin.
182 2053 228 2086 H.
257 2054 300 2087 N.
327 2055 385 2094 34,
412 2054 434 2087 8
459 2065 494 2085 n.
521 2055 578 2094 45,
605 2054 661 2090 27.
1173 2069 1178 2076 =

2 2097 8 2130 ’ξ’
153 2104 187 2136 3.
238 2103 452 2147 κέκρικα,
488 2101 563 2134 iam
591 2106 739 2134 certum
766 2104 834 2141 est,
870 2098 962 2142 quid
988 2100 1158 2131 facturus
1192 2098 1285 2140 sim3
1321 2109 1400 2132 non
1434 2100 1523 2132 mit-

5 2142 7 2150 ⁴
59 2154 148 2183 tam.
190 2148 269 2182 cfr.
297 2161 355 2193 ep.
384 2151 466 2191 581,
501 2151 536 2184 2.
574 2150 656 2189 582,
689 2151 721 2183 2.
756 2149 838 2189 584,
875 2150 907 2181 3.
944 2148 1025 2187 587,
1063 2151 1093 2181 1.
1131 2147 1213 2189 588,
1251 2150 1285 2182 1.
1332 2147 1522 2185 ‚Maxime

6 2226 7 2233 ,
58 2197 160 2230 mihi
194 2197 366 2241 placeret
402 2208 421 2230 e
446 2196 623 2243 vestigiis
651 2196 742 2229 Cdd.
773 2195 938 2230 Crusell.
978 2199 1014 2228 et
1052 2193 1198 2228 decurt.
1239 2193 1523 2239 κεκύβευκα,

6 2238 8 2248 ’
59 2245 83 2278 i.
112 2257 143 2280 e.
172 2245 382 2291 ἅυεῤῥίφθω
409 2243 531 2288 κύβος,
558 2249 660 2278 iacta
687 2250 737 2278 est
763 2247 856 2283 alea,
880 2242 982 2286 quod
1002 2242 1170 2275 Caesaris
1198 2246 1235 2275 et
1253 2243 1416 2276 Hutteni
1441 2248 1523 2277 erat

5 2305 6 2329 1
57 2293 284 2337 symbolum.
324 2294 398 2326 ΟΒ.
440 2293 545 2325 Dazu
570 2297 671 2338 passt
698 2304 755 2336 ep.
783 2294 865 2332 588,
893 2294 926 2325 3.
962 2309 1008 2314 —
1044 2292 1112 2323 istc·
1137 2290 1364 2328 Caesariani,
1401 2291 1521 2324 amici

59 2341 195 2382 nostri,
223 2341 378 2386 Oppius,
406 2340 552 2375 Balbus.
589 2360 628 2366 -
664 2344 738 2375 m'sz‘
763 2341 972 2374 constit-atis
998 2338 1137 2371 Romae
1164 2340 1279 2380 rebus,
1314 2338 1369 2371 als
1395 2338 1450 2371 bis
1477 2349 1520 2372 er

58 2388 143 2422 dem
164 2387 287 2422 Staate
309 2389 393 2423 eine
412 2390 504 2422 feste
521 2389 756 2436 Verfassung
783 2388 955 2435 gegeben
980 2386 1086 2419 habe.
1113 2404 1160 2410 —
1184 2389 1241 2420 sin
1259 2390 1387 2419 autem
1409 2384 1518 2419 aliud

58 2436 93 2470 ei
119 2436 301 2480 placeret,
328 2437 571 2481 scripseram,
599 2442 722 2470 utrum
748 2437 884 2479 (quod)
917 2435 1044 2469 liberet
1059 2433 1190 2478 facere
1214 2446 1329 2479 posse,
1367 2438 1517 2466 auctore

55 2497 123 2524 me,
158 2495 242 2518 meo
264 2484 451 2526 consilio,
493 2484 554 2518 das
588 2484 714 2517 riethe
746 2484 811 2517 ich
844 2484 940 2517 ihm.
985 2501 1031 2506 —
1072 2483 1151 2515 Hoc
1184 2482 1517 2516 enim...consz·lio.

4 2548 6 2559 ν
54 2533 192 2565 Amara
219 2543 305 2565 cum
333 2532 462 2566 ironia
487 2532 635 2566 iocatur
664 2533 812 2573 Cicero,
844 2537 887 2564 ut
924 2530 1119 2577 significet
1145 2535 1222 2563 tota
1248 2528 1295 2561 ad
1321 2528 1520 2562 Caesarem

57 2580 216 2625 epistola
244 2579 351 2613 nihil
378 2590 471 2624 opus
510 2591 600 2620 esse,
638 2580 726 2623 quia
761 2580 791 2612 is
829 2579 1027 2614 Ciceronis
1064 2577 1225 2611 consilia
1260 2576 1371 2609 nullo
1407 2576 1520 2609 modo

4 2625 5 2642 ³
56 2628 255 2669 desideret,
284 2629 527 2672 facturusque
548 2628 608 2669 sit,
637 2627 739 2671 quod
760 2627 832 2672 ipsi
851 2626 1021 2661 libuerit.
1051 2626 1153 2660 SCH.
1187 2625 1279 2665 Hoc,
1306 2625 1374 2657 auf
1394 2624 1521 2657 meine

3 2694 4 2706 ι
55 2676 252 2723 Meinung,
288 2676 362 2710 wie
396 2687 466 2709 uns
502 2676 563 2710 die
589 2676 719 2709 Herrn
753 2675 893 2719 Oppius
929 2674 1007 2707 und
1040 2673 1176 2707 Balbus
1212 2671 1322 2705 weiss
1357 2671 1522 2706 macheu

2 2729 4 2736 '
55 2724 213 2760 wollen.
239 2742 286 2749 —-
312 2727 399 2766 ista,
428 2723 528 2758 diese
556 2723 712 2758 Grillen
740 2724 811 2757 mit
839 2723 923 2757 dem
948 2722 1075 2757 Briefe
1104 2733 1141 2754 u.
1177 2731 1205 2753 s,
1233 2732 1282 2754 w.

1127 2768 1241 2813 22*
