1795 3081
1764 0 1778 58 ‘aid

205 81 302 128 300
473 76 540 124 Μ.
577 73 630 121 Τ.
666 70 1012 124 CICERONIS
1048 75 1426 127 EPISTOLAE.

201 199 289 242 Sed
318 200 504 239 nimium
541 208 593 235 ex
622 209 720 236 meo
762 197 855 236 otio
896 203 1022 235 tuum
1057 203 1221 250 specto.
1281 197 1555 252 Quamquam
1583 200 1667 240 tibi

201 258 399 305 remitto,
439 254 526 292 nisi
557 251 662 305 quid
692 265 867 292 necesse
906 254 1007 301 erit,
1051 265 1224 292 necesse
1261 267 1317 293 ne
1354 255 1515 294 habeas
1554 257 1663 294 scri-

157 313 320 361 2bem,
351 311 437 349 nisi
468 310 555 348 eris
584 307 714 347 valde
749 309 929 347 otiosus.
988 307 1055 347 De
1075 309 1321 347 tabellariis
1338 311 1529 349 facerem
1547 310 1665 363 quod

199 367 371 418 suades,
402 366 439 404 si
469 370 611 403 essent
639 364 758 402 ullae
788 364 1059 402 necessariae
1089 364 1262 411 literae,
1305 371 1356 404 ut
1385 372 1511 404 erant
1541 367 1664 416 olim,

199 436 334 477 quum
384 420 667 460 brevioribus
711 418 864 458 diebus
913 425 1057 458 tamen
1100 418 1298 471 quotidie
1341 419 1666 473 respondebant

199 478 393 531 tempori
423 476 678 523 tabellarii3
717 481 761 513 et
796 481 892 513 erat
929 473 1114 526 aliquid,
1156 473 1306 525 Silius,
1346 475 1529 523 Drusus,
1575 477 1665 515 alia

198 533 427 587 quaedam.
484 530 629 581 Nunc,
667 531 752 568 nisi
783 529 899 568 Otho
930 531 1182 579 exstitisset,
1220 529 1326 582 quid
1355 532 1664 580 scriberemus,

197 603 286 629 non
316 593 425 628 erat.
483 585 716 639 Id'ipsum
759 584 945 624 dilatum
987 591 1076 624 est:
1116 591 1262 624 tamen
1302 586 1490 637 allevor,
1531 600 1664 639 quum

197 645 361 697 loquor
390 649 535 682 tecum
554 642 724 691 absens,
754 642 894 679 multo
925 642 1058 680 etiam
1089 642 1242 695 magis,
1274 655 1406 693 quum
1436 648 1532 681 tuas
1561 643 1662 681 lite-

196 713 269 739 ras
299 701 412 754 lego.
472 696 559 736 Sed
590 698 798 750 quoniam
839 703 882 735 et
920 697 1021 735 abes
1061 720 1111 728 -
1141 698 1204 734 sic
1235 698 1351 743 enim
1381 698 1581 737 arbitror
1608 719 1663 727 --

195 762 241 795 et
285 752 510 794 scribendi
559 754 794 792 necessitas
842 752 966 790 nulla
1014 757 1093 802 est,
1139 753 1451 806 conquiescent
1488 753 1663 803 literae,

194 811 281 850 nisi
313 808 418 863 quid
447 809 554 849 novi
583 809 816 848 exstiterit.

1769 441 1787 590 «ως-τρια
1771 415 1774 420 ⁴

391 1009 712 1060 EPISTOLA
748 1008 951 1057 DLXV.
1003 1008 1085 1067 (ad
1119 1007 1232 1056 niv.
1274 1009 1357 1059 lv.
1395 1009 1460 1066 6.)

356 1101 438 1135 scr.
465 1100 623 1134 Asturae
647 1110 778 1132 mense
805 1098 903 1131 Maio
930 1098 978 1149 A.
1000 1098 1045 1132 U.
1074 1097 1114 1131 c.
1142 1099 1223 1132 709.
1271 1102 1318 1133 (a.
1347 1097 1387 1131 c.
1415 1099 1491 1139 45.)

191 1173 409 1219 Respondet
427 1170 832 1215 consolantiSulpicio
859 1175 1013 1218 gratum
1041 1170 1111 1203 sibi
1140 1169 1217 1202 eius
1245 1169 1415 1202 officium
1442 1170 1558 1203 fuisse
1586 1181 1658 1204 nec

191 1223 232 1255 id
271 1222 411 1269 exiguo
446 1220 591 1255 doloris
626 1220 861 1253 levamento:
902 1218 1052 1251 nemini
1087 1228 1180 1251 vero
1224 1228 1336 1260 quam
1374 1218 1443 1250 sibi
1482 1217 1659 1251 iustiores

191 1270 350 1305 dolendi
377 1281 503 1303 causas
529 1269 662 1308 fuisse3
698 1267 899 1300 maximam
934 1272 1061 1300 tamen
1088 1266 1158 1299 sibi
1185 1265 1415 1299 levationem
1450 1277 1495 1300 ex
1530 1266 1657 1300 reditu

508 1322 546 1351 et
573 1315 852 1350 consuetudine
880 1314 1043 1359 Sulpicii
1070 1315 1162 1348 fore.
1204 1316 1223 1347 1
1240 1317 1333 1348 —3.

472 1390 520 1422 Μ.
555 1388 599 1422 Τ.
636 1386 813 1422 CICERO
852 1385 887 1419 S.
924 1386 969 1421 D.
1009 1384 1113 1419 SER.
1150 1385 1390 1420 SULPICIO.

299 1462 391 1518 Ego
421 1474 546 1510 ver0,
577 1459 723 1511 Servi,
764 1459 939 1509 vellem,
986 1465 1036 1497 ut
1065 1459 1239 1509 scribis,
1279 1459 1324 1497 in
1354 1471 1451 1498 meo
1483 1461 1654 1515 gravis-

187 1519 301 1558 simo
339 1531 442 1557 casu
480 1517 691 1555 affuisses.
761 1514 983 1566 Quantum
1022 1515 1139 1553 enim
1176 1527 1382 1567 praesens
1421 1528 1490 1554 me
1529 1514 1654 1554 adiu-

187 1587 297 1614 vare
326 1574 525 1626 potueris
556 1578 598 1611 et
629 1569 894 1610 consolando
926 1576 969 1609 et
999 1583 1138 1623 prope
1175 1583 1311 1622 aeque
1341 1569 1547 1621 dolendo,
1592 1573 1655 1609 fa-

188 1630 275 1668 cile
316 1642 369 1668 ex
408 1641 459 1667 eo
498 1628 717 1682 intelligo,
760 1625 891 1678 quod,
929 1626 1074 1664 literis
1105 1626 1247 1675 lectis,
1278 1626 1552 1677 aliquantum
1582 1640 1655 1664 ac·-

186 1685 352 1737 quievi.
409 1683 525 1722 Nam
547 1690 590 1722 et
610 1696 659 1721 ea
682 1682 914 1734 scripsisti,
946 1694 1055 1732 quae
1084 1681 1235 1720 levare
1265 1682 1433 1719 luctum
1464 1689 1655 1733 possent,

187 1747 233 1779 et
261 1741 307 1778 in
336 1752 406 1777 nie
438 1737 705 1778 consolando
747 1750 844 1779 non,
864 1735 1135 1775 mediocrem
1166 1738 1257 1788 ipse
1288 1738 1422 1774 animi
1453 1736 1655 1776 dolorem

186 1794 443 1834 adhibuisti.
510 1793 693 1833 Servius
742 1799 886 1832 tamen
927 1798 1027 1831 tuus
1072 1791 1273 1830 omnibus
1318 1793 1495 1842 officiis,
1545 1806 1655 1845 quae

185 1934 350 1971 iuvatur,
391 1932 492 1977 quod
519 1932 594 1965 Md.
632 1937 668 1966 et
701 1932 769 1964 alii
797 1931 889 1965 Cdd.
927 1930 1111 1964 omittunt
1138 1943 1172 1967 v,
1201 1932 1279 1964 hac.
1318 1932 1392 1964 OR.
1431 1949 1477 1955 -
1516 1938 1650 1977 specto,

185 1981 285 2016 doch
312 1981 377 2015 ich
404 1980 553 2015 sch'zitze
580 1980 701 2014 Deine
729 1982 850 2013 masse
876 1992 924 2012 zu
951 1979 1041 2012 sehr
1067 1979 1167 2012 nach
1195 1979 1263 2012 ‹ler
1289 1978 1500 2026 meinigen,

281 2045 313 2077 2.
365 2041 460 2087 quod
481 2042 622 2080 suades,
658 2039 831 2073 n'zimlich
857 2040 997 2072 immer
1031 2039 1154 2072 durch
1194 2040 1328 2087 eigene
1354 2039 1577 2073 Briefboten
1603 2053 1652 2073 zu

183 2089 398 2125 schreiben.
438 2089 473 2122 S.
503 2089 536 2121 d.
565 2089 718 2136 Anfang
745 2088 808 2121 des
834 2089 960 2135 vorig.
987 2087 1046 2121 Br.
1075 2107 1120 2111 —
1149 2090 1249 2126 olim,
1284 2097 1354 2120 vor
1381 2087 1531 2135 einiger
1556 2089 1650 2123 zeit.

186 2158 228 2164 -
263 2150 371 2183 quum
396 2148 444 2168 =
469 2149 543 2181 quo
570 2143 758 2181 tempore,
794 2147 866 2170 wo.
904 2155 952 2160 -—-
989 2137 1248 2179 respondebant
1282 2139 1452 2179 tempori,
1491 2137 1558 2168 auf
1587 2137 1650 2170 die

183 2185 328 2220 Stunde
357 2186 560 2219 eintrafen.
592 2204 630 2209 —
660 2191 693 2218 et
720 2190 796 2218 erat
825 2187 926 2230 aliq„
954 2184 1051 2217 auch
1079 2184 1150 2232 gab
1179 2195 1214 2216 es
1243 2183 1382 2216 damals
1402 2184 1503 2217 noch
1521 2185 1650 2218 Etwas

183 2246 233 2268 zu
260 2233 474 2272 schreiben,
500 2245 575 2267 von
601 2232 718 2266 Silius
747 2235 792 2272 (s.
822 2244 879 2276 ep.
908 2234 991 2273 552,
1017 2235 1082 2273 1.)‚
1110 2242 1185 2264 von
1214 2232 1357 2264 Drusus
1384 2231 1442 2271 (in
1469 2232 1650 2266 Hinsicht

185 2281 248 2315 des
277 2282 550 2322 Gartenkaufs)
577 2294 613 2313 u.
643 2281 811 2329 einigem
838 2280 1034 2315 Anderen.
1071 2299 1116 2305 -
1154 2280 1259 2313 Otho.
1288 2279 1322 2313 S.
1351 2291 1407 2324 ep.
1435 2282 1517 2320 563,
1543 2283 1576 2315 2.
1603 2299 1650 2306 -

182 2331 274 2375 quid
295 2331 401 2363 scrib.
438 2329 500 2363 Sic
528 2329 599 2361 Md.
630 2329 747 2363 Oxou.
778 2332 809 2363 1.
845 2329 927 2363 Asc.
964 2333 1088 2372 utraq.
1117 2328 1214 2360 Vict.
1245 2331 1276 2361 1.
1304 2329 1337 2362 2.
1374 2329 1516 2360 Manut.
1555 2330 1653 2374 quod

183 2379 286 2411 Crat.
314 2377 442 2411 Lamb.
471 2377 551 2409 Bos.
581 2377 693 2421 Seqq.
720 2396 766 2401 —-
793 2381 871 2410 erat
897 2376 1089 2410 coniunct.
1117 2376 1215 2409 loco.
1249 2394 1296 2399 —
1330 2377 1454 2409 multo.
1485 2375 1548 2409 Sic
1575 2376 1647 2410 Md.

182 2427 297 2459 Oxou.
330 2430 358 2459 1.
379 2427 411 2460 2.
447 2426 599 2458 Ascens.
630 2428 661 2458 1.
702 2426 802 2459 Crat.
829 2424 926 2460 Vict,
952 2428 982 2458 1.
1016 2426 1114 2457 Man.
1144 2424 1272 2456 hamb:
1299 2429 1333 2457 et
1353 2426 1469 2457 multo
1494 2424 1593 2458 Vict.
1610 2427 1646 2460 2.

183 2474 264 2509 Bos.
293 2473 383 2518 Sqq.
414 2474 488 2507 OR.
518 2492 558 2498 —
587 2474 669 2507 abes
695 2473 823 2514 Roma,
851 2473 893 2505 in
918 2472 1144 2507 suburbano.
1181 2471 1215 2506 S.
1244 2483 1300 2515 ep.
1327 2473 1409 2512 562,
1435 2473 1470 2506 2.

328 2558 561 2592 SULPICIO.
604 2556 640 2590 S.
668 2569 716 2589 zu
743 2568 799 2601 ep.
830 2555 1027 2590 CCCLXV
1053 2556 1105 2588 im
1134 2555 1320 2602 Ansange.

281 2633 313 2663 1.
367 2636 407 2662 ut
432 2631 561 2663 scribis
588 2640 632 2673 ep
670 2631 751 2663 557.
773 2647 812 2653 —-—
836 2641 930 2669 casu,
957 2628 1147 2661 Tullien’s
1176 2627 1293 2663 Tode.
1323 2645 1360 2651 —
1390 2630 1508 2662 literis
1532 2630 1644 2669 lectis,

184 2678 301 2722 Neap.
329 2677 410 2710 Asc.
443 2681 472 2712 1.
510 2677 608 2710 Crat.
637 2677 763 2710 Lamb.
792 2676 928 2710 Bened.
957 2674 1042 2709 Sch.
1072 2677 1170 2708 Liin.
1209 2677 1327 2709 literis
1352 2679 1426 2710 tuis
1452 2679 1475 2710 l.
1509 2688 1554 2709 ex
1580 2688 1646 2709 an-

183 2725 294 2769 tiquo
322 2726 446 2771 suppl.
477 2726 551 2761 OR.
578 2744 625 2750 —
649 2726 862 2766 adhibuisti,
889 2724 1096 2758 ostendisti.
1114 2743 1160 2749 —
1187 2725 1328 2758 Servius
1354 2729 1436 2758 tuus
1463 2724 1578 2758 filius.
1602 2743 1646 2750 —
