1795 3081
239 79 335 125 338
505 71 571 118 Μ.
606 71 658 117 Τ.
698 67 1040 117 CICERONIS
1076 66 1453 118 EPESTOLAE.

240 209 345 236 num
385 193 662 233 consularem
705 195 748 228 et
785 187 858 242 Sp.
889 187 1169 228 Mummium.
1228 186 1402 227 Videor
1440 187 1614 228 audisse
1654 200 1708 226 ex

242 251 504 298 Hortensio,
535 245 820 285 Tuditanum.
890 243 978 283 Sed
1007 245 1052 282 in
1082 244 1268 283 Libonis
1307 243 1471 292 annali,
1509 257 1600 282 xxv.
1632 256 1708 281 an-

241 308 309 345 nis
340 311 439 358 post
466 308 651 357 praetor
681 306 745 338 est
773 301 914 338 factus
944 298 1192 338 Tuditanus
1222 312 1350 351 quam
1381 298 1536 337 consul
1561 297 1710 336 Mum-

242 363 378 400 mius:
423 372 510 398 non
549 369 651 397 sane
690 353 891 407 quadrat.
948 354 1068 393 Volo
1108 355 1300 407 aliquem
1344 353 1590 406 Olympiae,
1634 358 1711 390 aut

242 418 320 455 ubi
350 416 510 464 visum,
540 407 775 453 πολιτικὸν
797 405 1020 464 σύλλογον,
1050 422 1176 449 more
1206 408 1489 458 Dicaearchi,
1519 408 1709 447 familia-

244 473 306 511 ris
335 472 416 510 tui.

244 617 326 641 war
351 607 421 641 603
449 603 593 639 Consul
617 614 797 652 gewesen
831 601 912 635 und
946 601 1001 635 als
1027 600 1312 636 Schriftsteller
1344 601 1387 634 in
1415 598 1578 643 Griech„
1599 598 1712 643 Spra-

246 655 316 688 che
351 652 537 687 beriihmt.
577 650 611 685 S.
638 651 750 684 Aead.
780 650 925 692 Quaest.
964 649 1033 691 IV,
1062 652 1121 686 [15.
1158 650 1262 683 Brut.
1295 652 1351 685 21.
1389 648 1539 682 Gellius
1576 646 1640 688 XI,
1675 648 1709 680 8.

245 702 404 736 Macrob.
439 701 592 734 Saturn.
629 700 747 743 praef.
777 703 809 733 1.
847 698 975 742 Polyb.
1017 698 1093 731 XL.
1135 709 1172 743 p.
1212 698 1294 733 715.
1343 697 1502 731 Volum.
1542 695 1604 729 IV.
1652 694 1708 728 ed.

246 749 473 796 Schweigh.
485 767 532 772 —
546 748 606 791 Sp.
619 748 848 786 Mummium,
864 747 1023 779 fratrem
1035 746 1076 779 L.
1090 746 1265 778 Mummii
1285 743 1458 784 Achaici,
1474 743 1711 776 mediocrem

247 804 451 837 oratorem,
479 795 664 830 Stoicum.
699 795 781 828 Vid.
805 794 909 827 Brut.
934 805 964 827 c.
978 795 1036 829 25.
1063 794 1108 827 ad
1126 794 1241 827 Attio.
1262 793 1365 833 XIII,
1386 796 1417 828 6.
1445 792 1581 825 lustin.
1604 790 1710 832 VIII,

245 848 305 885 38,
332 848 366 880 8.
404 844 564 888 Appian.
592 860 635 869 —
678 844 898 876 Tuditanum
924 842 948 874 i.
978 853 1009 875 e.
1038 842 1076 876 C.
1105 841 1378 885 Sempronium
1415 840 1456 875 C.
1484 840 1527 875 F.
1554 837 1712 872 Tudita-

245 905 351 934 num,
389 891 590 925 Hortensii
627 890 788 924 oratoris
824 900 1023 931 proavum,
1070 889 1243 922 Mummii
1278 889 1448 935 legatum
1487 892 1525 920 et
1561 890 1712 931 patrem

246 942 355 975 illius
392 940 433 973 C,
468 938 688 983 Sempronii
723 937 905 970 Tuditani
941 938 991 977 (v.
1020 948 1077 980 ep.
1105 937 1220 980 594),
1255 937 1320 980 qui
1353 938 1423 971 625
1457 934 1593 968 consul
1625 933 1713 971 fuit,

247 990 402 1036 elegans
436 992 568 1021 orator
606 986 837 1030 scripsitque
872 986 1169 1018 commentarios
1205 984 1407 1017 historicos
1451 995 1478 1018 s.
1513 980 1713 1030 magistra·
1772 1020 1778 1024 ⁵

246 1043 368 1070 tuum.
388 1035 472 1067 Vid.
492 1034 596 1067 Brut.
613 1045 644 1066 c.
660 1035 716 1068 25.
747 1033 844 1066 Plin.
862 1033 907 1065 H.
924 1033 1007 1065 Nat.
1026 1033 1129 1073 XIII,
1145 1035 1201 1067 27.
1220 1032 1322 1066 Gell.
1339 1033 1451 1065 Noct.
1472 1030 1587 1064 Attio.
1608 1028 1712 1066 XIII,

248 1087 305 1120 15.
322 1083 399 1117 Cic.
416 1083 462 1115 ad
476 1082 551 1115 Att.
564 1081 667 1122 Xffl,
683 1084 717 1116 G.
729 1083 786 1116 32.
803 1100 849 1105 -
864 1083 903 1114 in
919 1081 1079 1114 Libonis.
1098 1080 1231 1114 Vossio
1246 1080 1291 1114 de
1300 1079 1443 1113 Histor.
1457 1079 1539 1113 Lat.
1555 1078 1585 1119 I,
1601 1079 1632 1112 6.
1645 1075 1712 1108 hio

247 1135 287 1167 L.
304 1130 525 1165 Scribonius
547 1130 641 1162 Libo
668 1129 769 1162 idem
791 1141 867 1162 esse
888 1128 1041 1161 videtur
1068 1140 1155 1162 cum
1183 1139 1239 1168 eo,
1264 1139 1377 1172 quem
1395 1127 1529 1160 Cicero
1556 1125 1599 1158 in
1615 1124 1712 1157 Bru-

247 1186 286 1214 to
314 1190 346 1212 c,
372 1180 430 1213 23.
459 1177 511 1210 ait
535 1178 576 1210 in
603 1177 840 1210 orationibus
867 1187 945 1210 non
972 1176 1160 1209 infantem
1198 1176 1326 1210 fuisse.
1377 1175 1450 1209 Sed
1482 1174 1626 1206 mirum
1665 1171 1713 1205 sit

247 1229 474 1263 Ciceronem
501 1236 578 1259 non
604 1226 738 1258 fecisse
762 1225 959 1257 annalium
993 1224 1071 1257 eius
1098 1224 1347 1262 mentionem,
1381 1222 1446 1255 ubi
1473 1221 1518 1255 de
1545 1221 1627 1255 eius
1652 1230 1714 1253 ra-

248 1277 357 1310 tione
384 1273 537 1307 dicendi
563 1272 748 1305 iudicium
775 1273 876 1305 facit.
904 1272 1126 1306 ERNESTI.
1164 1272 1243 1308 Cfr,
1270 1271 1317 1304 ad
1342 1270 1456 1305 Attic.
1484 1270 1568 1308 XII,
1593 1269 1616 1302 5
1655 1267 1712 1307 (h.

249 1324 305 1357 ed.
343 1325 413 1358 4'49
448 1321 490 1354 in
522 1314 656 1362 nied).
690 1339 735 1344 —
774 1323 903 1353 annali
929 1321 977 1352 H.
1006 1321 1196 1361 (secundo)
1222 1319 1426 1352 admodum
1462 1315 1715 1362 probabiliter

247 1371 377 1413 „vion
406 1369 535 1403 Crat.“
572 1369 614 1400 in
651 1368 742 1401 Add.
784 1368 956 1401 Graevii.
992 1369 1066 1401 ΟΒ.
1102 1387 1149 1392 ——
1182 1379 1263 1402 xnr.
1298 1369 1404 1401 (mnis
1432 1371 1518 1412 Post
1550 1369 1714 1410 praetor.

247 1418 452 1452 Mummius
479 1416 666 1449 Achaicus
694 1417 828 1449 consul
853 1416 930 1448 fuit
955 1417 1038 1456 608,
1065 1415 1272 1449 Tuditanus
1298 1414 1364 1447 hic
1387 1419 1544 1459 praetor
1562 1414 1644 1448 622.
1668 1430 1715 1436 —

246 1466 542 1512 71072..quadrat‚
579 1464 671 1504 „das
697 1470 797 1508 passt
824 1463 970 1496 nicht.“
1020 1464 1131 1497 Denn
1166 1463 1210 1496 da
1244 1464 1347 1497 W'are
1375 1474 1418 1496 er
1442 1474 1490 1494 zu
1527 1460 1624 1508 iung
1649 1470 1716 1507 ge-

245 1526 387 1556 wesen,
421 1524 485 1546 um
511 1511 635 1545 Einer
669 1512 737 1545 der
773 1511 895 1545 zehen
922 1513 1092 1559 Legaten
1118 1523 1166 1543 zu
1198 1511 1291 1545 sein.
1343 1511 1422 1544 Der
1448 1508 1623 1543 Irrthum
1650 1508 1715 1541 be-

247 1563 350 1596 steht
376 1561 498 1602 darin,
526 1559 606 1593 dass
633 1560 721 1593 hier
747 1559 816 1593 der
832 1560 936 1593 Sohn
962 1560 1035 1592 mit
1065 1560 1151 1592 dem
1175 1560 1297 1592 Vater
1315 1556 1576 1591 verwechselt
1600 1555 1713 1590 wird.

246 1611 361 1644 Iener
387 1621 468 1643 war
494 1608 563 1641 der
589 1619 678 1641 avus
701 1607 909 1647 Hortensii,
938 1607 1061 1641 dieser
1088 1607 1156 1640 der·
1180 1618 1343 1651 proavus
1371 1605 1589 1646 desselben3
1616 1603 1716 1637 letz-

246 1663 307 1691 ter
333 1658 422 1691 aber
446 1667 530 1690 war
556 1656 703 1703 legatus
738 1656 801 1689 de's
828 1655 1034 1688 Mummius
1070 1666 1255 1702 gewesen.
1293 1656 1337 1695 (s.
1367 1665 1425 1698 ep.
1452 1654 1553 1693 59¹4),
1593 1656 1718 1685 erster

247 1707 318 1741 622
345 1707 488 1744 Prator,
524 1705 594 1738 625
621 1703 776 1737 Consul.
813 1722 860 1728 —
897 1704 985 1737 Volo
1012 1705 1170 1749 aliquem
1201 1708 1271 1736 cet.
1325 1701 1460 1735 Cicero
1488 1699 1716 1744 disputatio-

247 1766 335 1787 nem
362 1765 466 1786 suam
495 1751 540 1785 de
567 1762 608 1784 re
628 1751 782 1795 publica
804 1751 1015 1784 ordinanda
1039 1751 1226 1798 cogitabat
1244 1751 1394 1797 fingere
1419 1748 1622 1793 Olympiae
1639 1758 1715 1780 esse

247 1801 434 1842 habitam,
468 1804 532 1832 aut
566 1797 640 1831 alic
679 1810 753 1842 quo
791 1799 896 1832 claro
932 1800 1030 1835 loco.
1073 1804 1115 1831 ut
1141 1799 1398 1831 Dicaearchus
1432 1796 1641 1840 scripserat
1665 1794 1717 1827 li-

246 1849 372 1889 brum,
411 1858 524 1892 quem
554 1846 769 1889 Ὀλυμπικόν
802 1852 970 1889 vocarat,
1008 1852 1164 1880 auctore
1198 1846 1394 1880 Athenaeo
1427 1844 1530 1878 XIV.
1565 1854 1603 1888 p.
1631 1844 1714 1884 620,

247 1897 341 1930 item
368 1897 474 1934 alios,
503 1905 597 1937 quos
624 1895 779 1928 nomine
806 1895 885 1928 loci
912 1894 1153 1940 appellasset,
1188 1894 1253 1926 ubi
1278 1904 1470 1928 sermones
1495 1890 1615 1924 habiti
1641 1891 1715 1924 fin-

247 1950 446 1992 gerentur.
475 1942 697 1976 ERNESTJ.
730 1962 770 1967 —
798 1948 864 1976 aut
890 1944 951 1976 uhi
975 1947 1103 1977 visum.
1131 1942 1246 1976 Recte
1273 1942 1314 1974 in
1331 1942 1404 1975 hoc
1423 1940 1546 1973 haesit
1565 1939 1715 1972 Lamb.:
1772 1935 1778 1940 ”

247 2004 333 2025 nam
361 1992 516 2025 deberet
543 2002 643 2024 esse:
683 1996 777 2032 „aut
802 1993 862 2024 uhi
888 1991 993 2032 (tibi)
1021 1994 1134 2024 visam
1160 1993 1232 2024 erit
1256 1990 1320 2024 vel
1345 1990 1537 2023 videbitur.
1571 1988 1715 2020 Emen-

248 2040 352 2073 davit
379 2039 520 2087 igitur:
549 2043 616 2071 aut
642 2040 769 2075 ιιῦίυὶε.
822 2039 895 2073 Sed
921 2039 996 2072 hoo
1022 2039 1137 2072 nimis
1164 2038 1373 2071 infinitum.
1405 2036 1551 2082 ’Ἀκυρον
1587 2039 1715 2068 autem

247 2087 346 2120 istud
372 2093 438 2120 (tut
465 2087 527 2119 ubi
551 2088 669 2120 visum
704 2092 741 2120 et
776 2087 893 2120 lectio
924 2089 1094 2133 Olympia
1120 2087 1161 2119 in
1187 2086 1285 2119 hanc
1312 2085 1540 2119 sententiam
1566 2079 1628 2117 me
1654 2082 1718 2116 ad-

247 2136 454 2174 duxerunt,
480 2139 523 2166 ut
549 2134 702 2167 credam
729 2135 809 2168 Cic.
839 2135 988 2169 Graece
1015 2135 1232 2180 scripsisse:
1263 2135 1352 2169 Volo
1379 2135 1538 2180 aliquem
1563 2131 1715 2176 Ὀλυμ-

246 2184 381 2217 ,mam
409 2181 502 2223 (vel,
536 2187 579 2214 ut
606 2182 675 2215 alii
702 2183 879 2216 scribunt
904 2183 1136 2230 Ὀλυμπίασι)
1163 2183 1413 2217 πολιτικόν
1439 2179 1565 2216 σύλλ.
1610 2180 1715 2213 Inso-

247 2231 320 2264 lita
348 2231 417 2263 ista
443 2229 614 2263 librariis
640 2231 764 2263 forma
790 2231 994 2274 paullatim
1031 2231 1083 2264 ita
1118 2231 1319 2264 immutata
1345 2236 1458 2274 atque
1485 2228 1717 2272 interpolata

248 2285 313 2312 est.
353 2280 425 2312 ΟΒ.
459 2296 506 2301 --
545 2280 625 2311 πολ
639 2292 687 2312 ιτ.
727 2281 854 2313 συλλ.
896 2285 1129 2313 conventum
1165 2278 1368 2312 hominum
1406 2278 1451 2311 de
1488 2289 1530 2311 re
1563 2275 1716 2321 publica

247 2326 541 2371 disputantium,
576 2325 671 2367 „ich
699 2327 797 2373 gehe
824 2327 942 2359 damit
979 2340 1058 2368 um,
1100 2326 1216 2360 einen
1242 2325 1478 2371 politischen
1503 2325 1644 2358 Dialoo·
1669 2335 1717 2356 zu

247 2374 465 2416 schreiben,
495 2372 626 2406 dessen
653 2373 775 2408 Scene
803 2375 867 2409 ich
895 2375 994 2409 nach
1021 2374 1201 2420 Olympia
1237 2374 1425 2422 verlegen
1460 2373 1584 2408 will.⁶‘
1619 2351 1715 2406 IJeb.

246 2423 464 2459 Dicaearch.
492 2431 518 2453 S·
551 2431 608 2465 ΕΡ.
636 2423 693 2457 27-
721 2425 779 2459 [42.
