1795 3081
220 110 318 156 422
485 106 551 155 Μ.
589 107 642 156 Τ.
682 105 1024 158 CICERONIS
1060 106 1435 158 EPISTOLAE.

220 226 418 266 Romano
447 228 661 280 persuasi,
690 234 741 267 ut
770 240 843 268 eos
874 228 1007 279 cives,
1049 227 1206 280 quibus
1235 229 1427 267 Fortuna
1456 231 1674 281 pepercis—
1725 264 1727 269 ,
1777 233 1782 246 ·’

219 288 300 332 set,
330 282 473 322 salvos
503 295 595 322 esse
622 283 801 324 vellent.
859 283 989 322 Hanc
1026 284 1243 323 actionem
1271 296 1412 322 meam
1443 283 1489 322 C.
1515 282 1675 324 Caesar

220 339 364 389 primo
394 349 472 376 suo
503 336 733 377 consulatu
761 338 857 393 lege
893 339 1069 394 agraria
1099 338 1406 391 comprobavit
1435 351 1676 393 agrumque

221 391 568 432 Volaterranum
607 398 651 432 et
686 405 741 446 op
775 393 896 432 idum
936 394 1056 432 omni
1092 394 1293 446 periculo
1333 394 1379 431 in
1415 399 1675 446 perpetuum

220 447 457 485 liberavit:
502 453 553 486 ut
589 447 699 486 mihi
737 406 918 487 dubium
955 461 1043 486 non
1082 449 1153 498 sit,
1197 449 1303 500 quin
1340 449 1392 499 is,
1435 449 1510 500 qui
1539 460 1676 487 novas

219 501 558 541 necessitudines
600 503 824 558 adiungat,
863 509 1016 542 vetera
1060 516 1136 542 sua
1174 502 1383 542 beneficia
1423 503 1677 542 conservari

218 557 342 595 velit.
408 555 703 607 Quamobrem
750 563 815 597 est
854 564 956 597 tuae
997 556 1259 610 prudentiae
1303 563 1380 597 aut
1417 559 1539 609 sequi
1582 559 1676 597 eius

219 611 544 662 auctoritatem,
586 613 709 651 cuius
738 618 900 652 sectam
930 618 1059 665 atque
1098 614 1335 665 imperium
1373 625 1540 651 summa
1578 625 1676 653 cum

219 672 295 704 tua
325 665 539 721 dignitate
568 673 741 707 secutus
772 681 844 715 es3
874 673 951 707 aut
980 673 1100 706 certe
1137 668 1207 706 illi
1249 669 1468 723 integram
1506 680 1676 706 omnem

220 733 394 759 causam
423 734 664 762 reservare.
723 721 839 762 Illud
867 735 975 762 vero
1016 721 1220 762 dubitare
1255 736 1342 761 non
1381 722 1525 772 debes,
1570 724 1676 774 quin

217 782 307 814 tam
336 789 487 830 grave,
523 782 613 816 tam
640 778 831 828 firmum,
871 783 961 816 tam
999 776 1225 817 honestum
1264 779 1553 830 municipium
1593 778 1676 816 tibi

177 823 295 869 3tuo
324 843 492 870 summo
522 831 733 871 beneficio
764 834 810 871 111
840 837 1102 885 perpetuum
1144 833 1336 886 obligari
1378 834 1502 872 velis.
1588 831 1675 871 Sed

218 885 340 934 haec,
373 899 483 938 quae
511 900 643 940 supra
673 889 838 941 scripta
869 892 984 937 sunt,
1022 899 1073 926 eo
1104 892 1316 939 spectant,
1369 894 1420 927 ut
1448 894 1491 927 te
1519 887 1676 927 horter

218 946 262 979 et
290 941 506 980 suadeam.
565 942 751 995 Reliqua
780 948 895 992 sunt,
929 954 1040 994 quae
1069 943 1292 994 pertinent
1320 940 1374 980 ad
1404 941 1673 998 rogandum:

217 1002 267 1034 ut
295 1008 383 1034 11011
419 997 561 1035 solum
598 1003 673 1036 tua
714 1010 844 1035 causa
882 997 965 1036 tibi
1004 997 1238 1035 consilium
1274 1009 1343 1035 me
1386 996 1492 1036 dare
1532 1003 1672 1050 putes,

217 1049 291 1089 sed
321 1052 468 1101 etiam,
499 1050 613 1103 quod
641 1052 750 1090 mihi
781 1064 888 1104 opus
917 1052 988 1101 sit,
1017 1064 1088 1090 me
1118 1065 1141 1090 a
1172 1057 1214 1090 te
1243 1058 1394 1104 petere
1427 1058 1471 1091 et
1500 1065 1671 1108 rogare.

217 1104 525 1146 Gratissimum
555 1107 696 1162 igitur
724 1106 833 1145 mihi
863 1108 1038 1157 feceris,
1068 1107 1104 1145 si
1127 1106 1449 1145 Volaterranos
1473 1108 1674 1146 omnibus

216 1160 346 1199 rebus
386 1162 582 1216 integros
619 1162 947 1214 incolumesque
984 1175 1075 1202 esse
1120 1162 1330 1201 volueris.
1389 1163 1552 1201 Eorum
1593 1176 1672 1217 ego

215 1214 441 1254 domicilia
471 1215 606 1267 sedes,
636 1229 730 1256 rem
759 1219 974 1267 fortunas,
1018 1230 1128 1269 quae
1169 1223 1213 1256 et
1242 1230 1264 1255 a
1296 1216 1380 1255 diis
1410 1219 1673 1256 immortali—

216 1270 294 1308 bus
333 1277 375 1310 et
413 1284 438 1309 a
480 1273 866 1324 praestantissimis
915 1273 960 1310 in
1004 1279 1154 1311 nostra
1202 1285 1249 1311 re
1287 1272 1466 1324 publica
1502 1273 1671 1312 civibus

215 1338 382 1363 summo
408 1332 583 1365 senatus
607 1327 845 1379 populique
864 1327 1049 1365 Romani
1075 1326 1221 1366 studio
1243 1335 1528 1367 conservatae
1558 1335 1672 1378 sunt,

174 1375 315 1419 lituae
344 1380 460 1431 fidei,
489 1382 687 1420 iustitiae
726 1382 1001 1434 bonitatique
1040 1381 1309 1421 commendo.
1368 1380 1416 1420 Si
1454 1395 1534 1435 pro
1565 1385 1671 1422 meis

215 1436 414 1487 pristinis
456 1436 611 1488 opibus
652 1437 905 1475 facultatem
938 1437 1046 1477 mihi
1085 1450 1155 1476 res
1192 1436 1275 1475 hoc
1304 1443 1502 1490 tempore
1532 1437 1670 1487 daret,

214 1496 264 1528 ut
316 1492 376 1528 ita
433 1490 667 1530 defendere
711 1505 878 1544 possem
920 1491 1256 1542 Volaterranos,
1308 1492 1670 1544 quemadmodum

215 1546 421 1585 consuevi
461 1547 579 1586 tueri
620 1558 762 1594 meos3
812 1547 982 1586 nullum
1021 1548 1230 1598 officium,
1275 1548 1444 1585 nullum
1484 1548 1671 1601 denique

213 1683 379 1716 Fortuna
405 1689 579 1729 tempore
606 1684 777 1718 Sullano.
795 1703 838 1710 —
862 1687 950 1720 salv.
978 1698 1047 1721 esse
1073 1687 1213 1728 vellent,
1240 1687 1280 1719 in
1306 1685 1666 1733 ungeschw'a‘chtem

212 1730 469 1765 W'ohlstande
512 1732 688 1766 erhalten
724 1733 897 1767 wollten.
932 1752 979 1758 —
1017 1736 1092 1779 lege
1129 1737 1296 1779 agraria,
1340 1746 1453 1778 quam
1493 1734 1538 1766 de
1575 1745 1666 1782 agro

213 1778 405 1822 Campano
434 1783 470 1811 et
496 1779 654 1813 Stellate
682 1780 890 1814 dividundo
917 1782 1018 1816 tulit.
1046 1781 1224 1816 MANUT.
1257 1781 1319 1815 Sic
1345 1781 1441 1815 Vict.
1460 1783 1492 1816 2.
1527 1781 1665 1815 Bened.

212 1827 286 1871 lege
311 1831 349 1860 in
377 1837 456 1871 agi:
486 1827 558 1860 Md.
585 1826 660 1863 Bas.
689 1829 791 1862 Vict.
814 1832 846 1864 1.
876 1829 1011 1863 Graev.
1040 1833 1076 1863 in
1095 1832 1170 1875 lege
1186 1842 1267 1875 agr.
1296 1830 1395 1863 Crat.
1423 1828 1549 1864 Lamb.
1571 1829 1664 1863 Em.

212 1872 298 1906 Sch.
325 1874 420 1907 Liin.
450 1875 524 1908 OR.
566 1893 613 1899 —
651 1889 795 1921 agrum,
834 1876 981 1917 Gebiet,
1017 1876 1259 1923 Stadtgebiet.
1287 1896 1333 1901 —
1367 1880 1468 1909 emm·
1487 1879 1665 1922 periculo,

211 1931 285 1954 von
311 1922 409 1955 aller
436 1921 687 1970 Gefcihrdung
713 1924 838 1958 dieser
862 1924 945 1958 Art.
970 1944 1017 1950 —·
1044 1927 1088 1966 is,
1116 1922 1261 1959 Caesar.
1301 1943 1326 1949 -
1365 1927 1427 1970 qui
1452 1945 1493 1950 —
1524 1925 1666 1970 quippe

212 1969 299 2011 qui.
317 1994 325 2002 .
341 1971 531 2013 adiungat,
566 1970 611 2003 da
639 1983 681 2005 er
707 1971 788 2005 sich
814 1971 960 2019 t'a'glich
992 1973 1105 2006 mehr
1131 1973 1303 2007 kleinere
1330 1971 1480 2006 Staaten
1506 1984 1551 2005 zu
1579 1985 1665 2006 ver-

210 2016 394 2060 pflichten
422 2016 542 2050 sucht.
570 2037 615 2043 —
643 2021 824 2063 beneficia,
852 2020 1290 2069 G-nadenbezeigungen.
1327 2039 1372 2044 —
1407 2032 1539 2053 censer.
1567 2023 1665 2058 velit,

211 2065 322 2097 sollte
347 2064 553 2098 bewahren
580 2066 613 2102 d.
643 2066 668 2101 i.
696 2068 805 2100 nicht
829 2068 1146 2102 zuriicknehmen
1172 2069 1327 2102 wollen.
1369 2087 1409 2092 —
1444 2072 1554 2107 auct„
1582 2069 1666 2102 Bei-

210 2111 319 2154 spiel.
356 2131 402 2135 ——
434 2118 533 2155 sect„
570 2114 706 2148 Partei.
740 2134 787 2140 -—
831 2128 958 2149 summ.
986 2129 1016 2150 c.
1041 2122 1067 2149 t.
1095 2117 1205 2162 dign,
1237 2128 1285 2149 zu
1317 2116 1462 2149 Deiner
1494 2117 1665 2162 grossten

210 2157 435 2193 Staatsehre.
462 2180 508 2185 —
533 2167 652 2201 aut...
668 2175 879 2205 meservare,
905 2163 999 2199 oder
1024 2164 1087 2198 die
1110 2175 1229 2211 ganze
1257 2163 1376 2197 sache
1402 2175 1518 2209 1111311ι
1537 2169 1664 2197 etastet

209 2207 336 2240 seiner
363 2208 524 2254 eigenen
549 2209 842 2258 Entscheidung
874 2223 921 2244 zu
947 2211 1174 2245 iiberlassen.
1213 2231 1251 2236 —
1288 2213 1465 2252 dubitare,
1505 2211 1666 2244 (ariiber

208 2254 412 2287 Bedenken
440 2261 587 2302 tragen,
615 2258 699 2291 sich
728 2258 893 2293 dariiber
918 2260 1030 2306 lange
1056 2260 1268 2293 bedenken.
1285 2278 1330 2284 —-
1348 2259 1664 2305 grave..firmum,

209 2302 442 2344 mannhaste‚
470 2304 677 2353 machtigffi
704 2324 750 2331 ——
776 2308 938 2353 obligare
963 2307 1052 2350 (Md.
1065 2308 1099 2350 2)
1125 2308 1223 2340 Vict.
1252 2310 1284 2341 1.
1312 2307 1440 2341 Lamb.
1480 2308 1551 2342 ΟΒ.

302 2376 336 2409 3.
387 2379 421 2407 et
449 2376 521 2408 tibi
544 2378 714 2410 suadeam
740 2378 870 2412 Lamb.
895 2397 943 2403 —-
968 2380 1121 2424 Reliqua
1144 2387 1192 2409 Ξ·-
1217 2389 1312 2422 quae
1337 2382 1567 2422 sequuntur5
1602 2378 1664 2411 das

211 2421 406 2469 Folgende
441 2422 589 2455 bezieht
626 2424 708 2457 sich
741 2426 839 2459 bloss
876 2427 967 2460 auf’s
993 2426 1132 2469 Bitten,
1174 2425 1239 2458 hat
1274 2426 1380 2460 mein
1415 2426 1543 2459 Bitten
1575 2438 1661 2459 zum

210 2469 364 2510 Zweck,
390 2469 511 2503 damit
537 2483 573 2504 u.
594 2483 619 2504 s.
641 2484 689 2506 w.
716 2492 763 2498 —
787 2474 848 2508 sed
870 2479 989 2508 etiam.
1017 2485 1088 2508 om.
1115 2476 1226 2508 etiam
1251 2474 1329 2507 Bas.
1357 2474 1473 2518 Neap.
1502 2474 1585 2507 Asc.
1616 2478 1662 2514 1.,

208 2523 250 2550 ut
276 2517 491 2561 saepissime
519 2518 610 2552 Cdd.
638 2520 855 2555 inconsulto
883 2522 1065 2555 omittunt
1090 2526 1200 2555 etium
1225 2526 1309 2566 post
1334 2524 1413 2563 sed,·
1438 2522 1539 2555 unde
1564 2523 1665 2555 mul-

208 2570 266 2598 tae
292 2565 412 2598 tricae
436 2567 710 2645 grammaticae
736 2569 860 2603 solent
879 2570 985 2603 oriri.
1006 2572 1080 2604 ΟΒ.
1105 2589 1152 2596 -
1177 2583 1263 2612 rem,
1291 2569 1593 2603 Gemeinwesen.
1618 2588 1665 2595 —-

209 2618 243 2646 et
267 2626 290 2645 cz
315 2614 396 2647 diis.
464 2613 498 2646 ic
524 2614 597 2647 Md.
624 2615 723 2650 Crat.
765 2617 864 2651 Vict.
892 2622 925 2652 1.
950 2620 982 2652 2.
1015 2618 1142 2652 Lamb.
1170 2629 1242 2651 om.
1271 2622 1305 2651 ct
1331 2616 1424 2650 Cett.
1457 2618 1529 2651 ΟΒ.

301 2687 335 2718 ll.
384 2697 454 2730 pro
471 2697 518 2719 m.
539 2688 647 2730 prist.
673 2701 744 2733 op,
771 2688 868 2722 nach
887 2690 1073 2737 Massgabe
1100 2689 1252 2723 meiner
1271 2688 1664 2734 ehemaligen‚lvlacht.

207 2749 253 2759 -·-
271 2731 406 2777 facult.
424 2758 431 2765 .
448 2760 454 2767 .
471 2735 597 2775 daret„
626 2734 688 2768 das
715 2738 1001 2784 gegenwartige
1028 2737 1273 2773 Verh‘ziltniss
1313 2736 1382 2769 der
1406 2736 1533 2783 Dinge
1560 2736 1665 2769 mich
