1795 3081
229 74 325 120 380
491 73 556 119 M.
593 75 643 122 T.
682 72 1020 138 CICERONlS
1057 77 1432 126 EPISTOLAE.

231 194 300 232 illi
331 199 374 234 et
402 193 540 233 Piliae.
577 195 838 246 plurimam3
878 209 955 234 nec
992 209 1060 234 me
1099 202 1243 235 tamen
1284 198 1418 237 irasci
1454 198 1675 240 indicaris.

230 250 468 302 Epistolam
498 250 696 288 Caesaris
726 251 841 300 misi,
871 252 906 289 si
937 252 1078 289 minus
1108 252 1297 307 legisseS.

394 424 709 475 EPISTOLA
747 425 946 473 ccxv.
998 425 1079 483 (ad
1113 426 1214 473 Au.
1255 428 1381 474 xm.
1417 430 1514 486 23.)

231 514 312 549 Scr.
349 514 390 546 in
418 515 592 557 Arpinati
627 527 655 547 a.
685 514 717 548 (1.
746 514 811 547 ΙΙῙ.
839 516 937 548 Non.
966 514 1097 548 Sextil.
1135 514 1173 549 A.
1201 516 1246 551 U.
1275 515 1314 549 C.
1342 518 1422 552 709.
1459 520 1505 558 (a.
1535 516 1574 551 C.
1601 520 1678 559 415.)

232 587 286 620 De
313 586 428 619 Bruto
455 586 592 620 Romae
618 586 743 630 potius
778 586 1042 620 conveniendo
1076 597 1190 629 quam
1225 587 1267 619 in
1293 587 1520 621 Tusculano.
1559 591 1589 621 1.
1630 589 1675 622 de

278 634 387 667 libris
414 635 487 668 suis
512 634 560 667 ad.
584 634 796 670 Varronem
825 639 861 667 et
887 634 1044 666 Brutum
1072 634 1284 669 mittendi&
1311 638 1346 671 2.
1375 636 1420 670 de
1446 636 1629 670 mandatis

681 681 756 715 suis
781 681 822 714 in
850 693 890 715 re
916 682 1148 726 pecuniaria.
1185 685 1219 717 3.

716 753 894 788 CICERO
933 753 1108 788 ATTICO
1141 752 1176 787 S.

335 826 703 866 Antemeridianis
734 827 820 864 tuis
850 825 993 864 literis
1023 825 1121 864 heri
1139 826 1286 865 statim
1305 828 1530 880 rescripsi:
1561 841 1675 866 nunc

230 882 470 936 respondeo
517 882 793 934 vespertinis,
870 881 1032 918 Brutus
1076 881 1253 920 mallem
1305 895 1373 921 me
1422 889 1675 922 arcesseret.

227 938 343 977 Nam
374 945 416 977 et
445 939 622 991 aequius
653 942 761 981 erat,
803 949 934 987 quum
963 935 1034 973 illi
1063 937 1150 974 iter
1178 937 1363 977 instaret
1401 943 1445 977 et
1484 938 1677 977 subitum

229 999 273 1033 et
302 995 506 1048 longum:
547 999 589 1032 et
618 991 869 1031 mehercule
909 1004 1036 1036 nunc,
1081 1005 1212 1043 quum
1248 993 1311 1031 ita
1345 993 1478 1031 simus
1514 995 1676 1043 affecti,

227 1055 392 1089 utnon
431 1050 644 1101 possimus
682 1047 810 1099 plane
848 1046 977 1085 simul
1014 1046 1181 1097 vivere,
1220 1069 1273 1076 —
1311 1047 1523 1103 intelligis
1561 1050 1676 1086 enim

229 1106 444 1158 profecto,
485 1105 530 1141 in
561 1116 645 1155 quo
676 1103 864 1140 maxime
902 1101 1043 1154 posita
1083 1103 1141 1140 sit
1177 1098 1417 1153 συμβίωσις
1454 1124 1508 1131 -
1548 1104 1676 1142 facile

227 1162 441 1213 patiebar,
471 1172 548 1198 nos
577 1160 723 1211 potius
744 1157 907 1195 Romae
935 1169 1022 1194 una
1052 1169 1155 1203 esse,
1188 1170 1316 1210 quam
1344 1158 1390 1196 in
1411 1157 1676 1197 Tusculano.

184 1211 354 1255 2Libri
384 1214 436 1253 ad
466 1215 716 1254 Varronem
746 1226 829 1251 non
859 1213 1157 1251 morabantur.
1227 1211 1339 1251 Sunt
1372 1214 1487 1252 enim
1517 1215 1678 1263 effecti,

226 1277 276 1310 ut
303 1269 477 1309 vidisti:
509 1276 677 1308 tautum
707 1268 996 1307 librariorum
1026 1266 1180 1306 menda
1208 1268 1442 1307 tolluntur.
1485 1268 1552 1308 Dc
1581 1269 1676 1321 qui-

226 1328 305 1366 bus
335 1326 463 1365 libris
497 1328 580 1364 scis
609 1338 677 1363 me
707 1322 946 1362 dubitasse:
987 1321 1062 1360 sed
1091 1328 1139 1360 tu
1168 1322 1346 1362 videris.
1403 1323 1527 1374 Item,
1570 1336 1676 1376 quos

185 1379 364 1420 3Bruto
395 1382 622 1430 mittimus,
662 1381 708 1417 in
750 1379 948 1417 manibus
988 1376 1150 1416 habent
1177 1378 1367 1417 librarii.
1423 1378 1525 1418 Mea
1556 1393 1674 1417 man-

225 1436 341 1485 data,
371 1442 421 1474 ut
439 1437 610 1484 scribis,
642 1433 839 1487 explica3
868 1445 1128 1485 quamquam
1149 1433 1233 1471 ista
1254 1435 1500 1473 retentione
1526 1447 1676 1473 omnes

220 1552 420 1594 plurimam
447 1547 563 1580 dicito
591 1546 763 1581 salutem.
802 1565 848 1572 —
883 1548 1074 1593 epistolam
1102 1547 1268 1581 Caesaris
1302 1546 1597 1580 consolatoriam
1624 1545 1674 1578 il-

224 1600 300 1631 lam
327 1600 408 1632 612.
435 1615 481 1620 —
506 1599 538 1629 si
564 1597 686 1629 miuus
714 1598 868 1641 legisses,
902 1606 1018 1629 wenn
1045 1595 1104 1627 Du
1131 1593 1200 1627 ihn
1228 1599 1324 1629 etwa
1350 1594 1452 1629 noch
1479 1593 1586 1627 nicht
1610 1605 1675 1641 ge-

224 1647 329 1680 lesen
356 1645 504 1677 h‘dttest.

320 1709 352 1739 1.
402 1717 456 1738 me
481 1709 685 1743 arcesseret,
723 1703 832 1737 liesse
866 1702 971 1735 mich
1009 1714 1056 1735 zu
1082 1701 1165 1734 sich
1192 1701 1394 1742 kommen3
1431 1701 1587 1734 mallem
1614 1713 1674 1735 mc

223 1753 378 1787 Romam
406 1757 622 1791 arcesseret,
650 1763 761 1794 quam
789 1752 829 1784 in
853 1751 1112 1784 Tusculanum
1139 1749 1185 1782 ad
1208 1762 1267 1783 me
1294 1750 1458 1782 veniret.
1494 1750 1595 1783 SCH.
1630 1768 1671 1774 —

222 1806 368 1847 (sequius
401 1806 479 1833 erat
503 1810 550 1830 Ξ
577 1805 681 1832 esset.
720 1799 755 1832 S.
782 1798 928 1832 Ramsh.
956 1800 982 1842 §.
1012 1800 1092 1835 166,
1123 1799 1158 1838 2,
1197 1809 1227 1830 c.
1270 1797 1417 1831 Grotef.
1452 1796 1484 1838 ἓ.
1522 1800 1603 1832 184.
1628 1816 1675 1821 -

221 1854 304 1891 iter,
331 1849 415 1882 dem
441 1860 504 1880 aus
529 1847 696 1892 Spauien
721 1846 1092 1880 zuriickkehrenden
1118 1845 1229 1878 C'dsar
1263 1850 1464 1892 entgegen.
1489 1864 1536 1870 --
1571 1857 1677 1885 nunc,

223 1911 330 1945 qaum
355 1908 403 1927 z
428 1906 501 1940 quo
527 1900 713 1939 tempore,
742 1895 847 1937 ietzt,
873 1905 945 1928 wo.
965 1913 1011 1919 —-
1036 1897 1163 1930 vivere,
1191 1893 1422 1926 beisammen
1443 1893 1505 1927 des
1525 1893 1671 1926 hebens

222 1946 312 1980 sroh
346 1945 515 1978 werden.
554 1962 599 1967 -—
638 1942 908 1987 στἰιβίωσις,
948 1942 1008 1975 die
1035 1939 1378 1975 Annehmlichkeit
1413 1941 1475 1975 des
1507 1941 1672 1974 Beisam-

223 1994 411 2028 menseins
437 1991 574 2025 beruht
601 1992 666 2023 auf
689 1991 861 2024 Freiheit
896 1990 975 2022 und
1002 1989 1221 2024 Heiterkeit
1247 1988 1310 2021 des
1338 1988 1495 2022 Geistes.
1541 1988 1671 2022 Allein

226 2043 360 2076 Cicero
391 2045 483 2073 'war
520 2039 643 2072 durch
680 2039 869 2072 Tullien's
902 2038 1077 2077 Verlust,
1125 2037 1263 2070 Brutus
1306 2035 1429 2069 durch
1470 2035 1670 2070 h'ziusliche

223 2087 677 2126 Unannehmlichkeiten
706 2087 930 2119 verstimmt.
965 2084 1001 2119 S.
1029 2097 1116 2118 zum
1143 2084 1268 2129 vorig.
1294 2084 1354 2117 Br.
1381 2086 1410 2128 §.
1435 2087 1469 2119 4.

318 2140 351 2172 2.
403 2138 652 2170 morabantur.
686 2133 772 2168 Sch.
801 2135 898 2168 coni.
927 2134 1022 2166 Liin.
1049 2133 1298 2167 morabuntur.
1325 2132 1505 2166 Attamen
1530 2132 1671 2177 imper-

223 2188 364 2220 fectum
393 2185 560 2217 refertur
585 2183 630 2215 ad
656 2194 710 2223 ea,
737 2194 832 2226 quae
858 2181 1005 2215 Atticus
1030 2181 1251 2225 scripserat:
1279 2191 1383 2221 „non
1417 2180 1672 2221 morabantur,

223 2240 264 2267 ut
290 2240 331 2266 tu
358 2232 606 2276 querebare.“
635 2232 709 2264 OR.
751 2231 853 2263 Mora
880 2230 985 2262 nulla
1021 2234 1086 2270 est,
1121 2239 1195 2273 quo
1233 2228 1361 2261 minus
1400 2228 1458 2261 illi
1498 2228 1590 2260 libri
1627 2228 1672 2261 ad

223 2284 433 2315 Varronem
469 2279 680 2312 mittantur.
719 2297 766 2303 —
799 2278 935 2323 effecti,
967 2281 1010 2309 ut
1034 2277 1105 2321 Ep.
1132 2279 1201 2311 26:
1246 2275 1359 2319 effeci
1396 2279 1587 2322 epistolam
1625 2277 1675 2309 ad

227 2332 425 2364 Caesarem.
457 2329 531 2361 ΟΒ.
557 2345 604 2351 -
635 2328 827 2360 dubitasse.
863 2325 899 2359 S.
928 2336 985 2369 ep.
1010 2326 1079 2359 611
1108 2336 1167 2357 am
1195 2324 1315 2357 Ende.
1350 2341 1395 2348 —
1427 2325 1491 2358 sed
1512 2329 1552 2358 tu
1576 2326 1673 2358 vide-

225 2381 291 2419 ris,
317 2376 422 2409 Alles
447 2375 520 2408 soll
545 2375 611 2407 auf
631 2373 728 2408 Dich
755 2374 993 2407 ankommen.
1023 2391 1064 2399 —
1090 2372 1217 2405 Bruto.
1252 2371 1287 2407 S.
1315 2383 1370 2416 ep.
1397 2374 1480 2414 613,
1506 2375 1540 2406 4.

319 2428 352 2460 3.
403 2425 592 2461 mandata,
635 2421 804 2455 n'amlich
839 2421 1003 2455 Cicero's
1037 2419 1283 2453 ausstehende
1321 2419 1466 2453 Gelder
1498 2432 1547 2453 zu
1585 2419 1670 2453 dem

225 2472 529 2519 beabsichtigten
565 2470 805 2503 Gartenkauf
833 2469 913 2502 und
940 2468 1173 2512 Tempelbau
1212 2467 1474 2501 einzuziehen.
1508 2485 1552 2493 —-
1595 2470 1671 2501 ista

224 2524 419 2554 retentione
453 2530 572 2552 omnes
589 2543 597 2551 .
616 2543 623 2550 .
640 2521 705 2559 uti,
740 2517 862 2555 leder,
900 2516 969 2549 der
1004 2516 1089 2550 eine
1116 2515 1294 2562 Zahlung
1329 2528 1376 2547 zu
1401 2516 1536 2549 leisten
1561 2515 1670 2554 habe,

224 2569 384 2602 hodiene
410 2567 492 2601 sich
520 2567 612 2600 ietzt
637 2566 699 2599 des
734 2565 806 2599 den
831 2564 1079 2599 Schuldnern
1113 2563 1236 2596 durch
1262 2563 1323 2595 das
1350 2563 1548 2597 C'aisarsche
1574 2565 1674 2596 Man-

225 2617 287 2649 dat
318 2615 626 2663 zugestandeueu
657 2613 863 2647 Vox-[heils.
915 2611 1095 2644 N'a'mlich
1131 2611 1210 2643 dass
1244 2610 1312 2643 der
1337 2610 1552 2644 Schuldner
1585 2611 1676 2643 mit-

226 2665 315 2698 telst
349 2664 563 2709 Abtrelung
598 2661 701 2695 eines
735 2660 998 2694 Grundsliicks
1035 2660 1074 2691 in
1111 2659 1195 2692 dem
1222 2658 1399 2701 Werthe,
1435 2658 1507 2692 den
1544 2670 1581 2691 es
1606 2669 1675 2690 vor

226 2712 314 2746 dem
340 2711 624 2759 Biirgerkriege
659 2708 798 2758 gehabt
831 2708 949 2748 hatte,
985 2705 1166 2741 bezahlen
1201 2705 1352 2747 durfte3
1394 2706 1580 2741 wodurch
1607 2705 1675 2738 der
