1795 3081
368 74 687 126 EPISTOLA
721 74 961 124 DCXXV.
1007 74 1271 123 DCXXVI.
1454 77 1550 122 397

89 196 252 238 Canae.
313 196 524 248 Omnino,
555 199 594 237 si
624 194 669 234 id
700 194 937 235 consilium
964 195 1176 248 placeret,
1209 200 1325 234 esset
1357 198 1593 236 necesse.2

86 252 174 293 Sed
205 261 256 293 ut
285 253 465 301 scribis,
500 253 620 292 ratio
653 258 718 290 est
759 249 960 290 habenda
990 253 1257 304 gravitatis3
1304 256 1347 289 et
1377 252 1548 288 utrius-

85 322 170 361 que
203 315 406 348 nostrum
439 307 555 346 idem
585 305 823 346 consilium
856 318 951 344 esse
982 305 1138 345 debet:
1171 307 1254 346 etsi
1282 305 1326 342 in
1355 318 1424 343 nie
1447 318 1551 358 gra-

84 366 235 404 viores
267 365 465 402 iniuriae
496 369 540 402 et
569 367 690 400 certe
722 362 936 400 notiores,
996 359 1044 399 Si
1073 374 1184 400 vero
1217 362 1351 399 etiam
1382 360 1550 398 Brutus

86 417 260 472 aliquid
290 420 464 467 afferet,
498 417 620 456 nulla
652 415 879 454 dubitatio
911 422 988 454 est.
1041 415 1128 455 Sed
1161 428 1324 455 coram.
1380 414 1550 469 RTagna

87 476 208 512 enim
239 486 311 512 res
344 480 388 512 et
418 473 584 513 multae
616 472 856 511 cautionis.
915 470 1023 510 Cras
1055 473 1230 528 igitur3
1262 471 1349 509 nisi
1383 470 1496 523 quid
1524 483 1551 509 a

87 535 130 568 te
161 527 189 578 -ξ-
215 535 497 568 commeatus.

207 709 526 761 EPISTOLA
561 711 829 763 DCXXVI.
899 707 982 772 (ad
1016 710 1124 762 Ait.
1159 709 1295 759 XIII.
1335 709 1435 769 43.)

131 800 214 835 scr.
241 801 280 834 in
305 801 523 834 Tusculano
550 813 582 835 a.
610 802 645 835 d.
673 802 736 835 IV.
762 801 818 838 Id.
846 800 946 836 sext.
975 801 1017 837 A.
1039 802 1083 835 υ.
1103 801 1144 836 e.
1170 803 1254 836 709.
1290 800 1340 841 (a.
1361 799 1400 833 e.
1420 799 1499 839 r45.)

83 873 235 907 Gratias
262 874 356 920 agit,
384 873 487 917 quod
512 870 583 907 sibi
611 873 656 907 de
681 873 957 919 prorogatione
984 872 1075 912 diei,
1102 881 1176 917 quo
1203 871 1362 906 Romam
1391 869 1551 903 venien·

600 921 692 954 dum
719 922 780 962 sit,
816 921 1028 965 scripserit,

582 992 761 1027 CICERO
796 993 975 1027 ATTICO
1011 992 1046 1027 S.

198 1067 288 1119 Ego
317 1077 428 1106 vero
460 1071 562 1105 utar
595 1067 923 1121 prorogatione
957 1064 1066 1114 diei,
1105 1069 1247 1117 tuque
1278 1061 1550 1103 humanissi-

85 1136 153 1161 me
185 1122 349 1170 fecisti,
394 1123 470 1174 qui
503 1135 571 1160 me
613 1124 856 1161 certiorem
896 1122 1068 1169 feceris,
1117 1127 1252 1172 atque
1284 1120 1362 1164 ita,
1412 1126 1463 1157 ut
1494 1131 1547 1157 eo

81 1185 284 1230 tempore
315 1179 563 1230 acciperem
596 1177 765 1227 literas,
800 1189 886 1230 quo
918 1190 1006 1214 non
1046 1182 1373 1227 exspectarem3
1406 1181 1548 1226 tuque

83 1239 135 1272 ut
164 1234 215 1271 ab
246 1229 362 1271 ludis
394 1232 629 1271 scriberes.
671 1231 788 1272 Sunt
811 1233 992 1271 omnino
1025 1231 1136 1269 mihi
1167 1228 1383 1283 quaedam
1413 1242 1550 1284 agen-

85 1288 138 1327 da
171 1287 361 1326 Romae}
405 1286 482 1325 sed
513 1299 842 1339 consequemur
872 1285 1008 1326 biduo
1041 1292 1153 1338 post.

84 1413 154 1433 nus
181 1413 207 1433 s.
236 1400 362 1432 Kanus
401 1401 495 1447 (vg-l.
532 1411 587 1444 ep,
615 1404 696 1439 590,
724 1402 778 1441 4),
816 1396 967 1433 welche
1004 1400 1072 1433 der
1106 1399 1222 1444 iunge
1255 1397 1414 1440 Quintus
1451 1398 1549 1431 nach

84 1449 169 1481 dem
198 1447 353 1481 W'illen
381 1447 449 1480 der
477 1449 616 1481 Mutter
645 1460 771 1495 gegen
799 1448 872 1481 den
900 1448 1076 1495 seinigen
1102 1444 1310 1480 heirathen
1337 1445 1465 1485 sollte,

178 1511 213 1541 2.
263 1511 297 1540 si
331 1509 425 1539 illud
455 1510 646 1541 consilium
678 1511 847 1552 placeret,
881 1520 997 1541 wenn
1036 1506 1113 1540 wir
1147 1505 1325 1543 wolsten,
1372 1505 1451 1538 dass
1484 1518 1549 1539 aus

82 1555 152 1589 der
166 1555 330 1588 Heirath
352 1556 479 1588 Etwas
499 1555 656 1589 werden
677 1557 799 1589 sollte.
813 1575 857 1580 —-
882 1561 968 1589 esset
986 1567 1133 1593 necesse,
1151 1559 1191 1585 ut
1216 1564 1285 1600 ego
1307 1553 1547 1587 iracundiam

82 1615 207 1636 meam
245 1614 477 1647 premerem,
514 1614 552 1636 so
589 1606 716 1637 miisst'
744 1604 807 1637 ich
833 1602 992 1637 freilich
1026 1602 1226 1650 gelindere
1252 1601 1381 1634 Saiten
1407 1603 1549 1635 aufzie-

81 1651 170 1684 heu.
197 1669 244 1674 —
269 1654 481 1696 gravitatis,
508 1663 626 1684 unser
651 1651 1025 1691 Familienanseheu,
1050 1649 1390 1683 Familienw'urde,
1418 1668 1464 1673 ——
1492 1654 1549 1683 in-

81 1702 200 1732 iuriae
232 1711 251 1731 a
279 1698 418 1740 Quinto
454 1699 551 1731 mihi
587 1699 726 1737 illatae,
767 1718 814 1723 —
847 1702 1018 1738 notiores,
1054 1696 1292 1730 ruchtbarer.
1324 1710 1371 1721 ’-
1409 1696 1549 1741 afferet

81 1748 105 1780 i.
135 1758 164 1779 e.
200 1747 230 1778 si
256 1747 393 1779 Brutus
420 1758 532 1780 novas
569 1747 816 1780 contumelias
853 1748 894 1780 in
928 1758 989 1780 me
1022 1758 1041 1779 a
1077 1746 1114 1787 Q.
1150 1744 1232 1777 filio
1270 1744 1457 1778 coniectas
1493 1744 1547 1778 af-

80 1796 190 1832 feret,
219 1794 326 1826 nulla
353 1794 538 1827 dubitatio
566 1801 632 1836 est,
671 1795 768 1838 quin
806 1795 978 1842 graviter
1013 1793 1125 1835 mihi,
1164 1792 1196 1825 si
1224 1792 1390 1834 venerit,
1419 1793 1549 1826 obiur-

81 1842 226 1889 gandus
253 1841 311 1875 sit.
340 1843 439 1874 SCH.
476 1861 522 1866 -—-
556 1844 624 1875 Sed
647 1855 782 1883 cor-am,
810 1844 895 1876 Asc.
925 1846 956 1876 1.
995 1841 1097 1875 Crat.
1135 1841 1204 1874 Sed
1226 1840 1313 1872 haec
1339 1853 1471 1874 coram.
1499 1860 1546 1866 ——-

82 1891 219 1934 Magna
246 1894 313 1929 est,
351 1887 398 1921 ist
423 1889 601 1935 vvichtig·⁸
640 1909 685 1915 -
726 1895 837 1931 caut,
871 1890 951 1922 und
977 1890 1171 1922 erfordert
1195 1887 1297 1921 viele
1324 1888 1547 1922 Behuxsam-

83 1937 173 1975 keit,
204 1955 242 1960 -
273 1949 352 1970 cras
378 1940 496 1981 igitur
529 1937 575 1970 ad
600 1943 637 1971 te
665 1938 830 1978 veniam,
866 1938 942 1970 nisi
980 1937 1080 1969 mihi
1114 1935 1312 1979 scripseris
1348 1947 1410 1969 me
1448 1947 1547 1970 non·—

85 1985 175 2017 dum
205 1984 425 2026 desiderari,
451 1985 514 2018 sed
541 1985 664 2019 licere
690 1985 790 2018 mihi
827 1985 971 2018 diutius
1006 1985 1151 2023 abesse3
1195 1988 1415 2018 commeatus
1440 1985 1547 2018 enim

84 2038 138 2066 est
166 2033 318 2079 lougius
347 2032 525 2066 manendi
552 2031 592 2065 in
619 2044 710 2081 agro
737 2038 912 2078 potestas.
956 2032 1218 2066 Commeatum
1245 2036 1371 2064 autem
1399 2031 1546 2066 dedisse

85 2081 250 2112 Atticum
276 2081 403 2112 innuit
430 2092 487 2125 ep.
515 2082 598 2122 626,
625 2092 743 2124 quum
774 2081 901 2115 literis
932 2080 1049 2113 Attici
1083 2079 1250 2123 acceptis
1284 2078 1399 2112 biduo
1426 2080 1546 2113 serius

84 2128 241 2162 Romam
268 2140 306 2161 se
331 2133 534 2161 venturum
561 2129 744 2162 scriberet
780 2134 817 2162 et
850 2129 1017 2162 diceret:
1058 2140 1123 2172 ego
1147 2140 1228 2161 vero
1255 2132 1340 2160 utar
1360 2140 1547 2173 pror-oga-

84 2180 182 2209 tione
208 2177 280 2208 diei
306 2187 343 2219 q.
372 2176 406 2208 d.
436 2182 649 2210 commeatu
685 2176 889 2220 impetrato
926 2188 946 2208 a
981 2181 1017 2209 te
1053 2181 1140 2208 utar
1173 2180 1209 2208 et
1242 2186 1371 2208 meum
1406 2175 1453 2207 ad
1478 2187 1545 2209 vos

83 2225 158 2257 iter
184 2223 371 2257 differam.
403 2225 578 2258 GRAEVi
604 2224 797 2267 Equidem
824 2225 909 2271 lego
937 2228 1125 2257 commeat.
1153 2223 1228 2257 cfr.
1247 2222 1325 2257 Lib.
1346 2224 1379 2257 8.
1407 2223 1480 2267 Ep.
1501 2227 1544 2260 9:

86 2274 217 2306 Crebro
240 2274 344 2305 illius
369 2274 497 2306 literae
523 2274 568 2306 ab
594 2274 681 2306 aliis
707 2274 757 2305 ad
777 2284 841 2305 nos
868 2277 1080 2305 commeant.
1111 2272 1185 2305 OR.

179 2346 210 2377 1.
262 2348 348 2377 utar
378 2355 531 2388 pror-og.
565 2345 650 2384 diei,
686 2354 707 2377 ο
744 2343 879 2397 gewiss
912 2343 1030 2377 werd’
1055 2342 1120 2376 ich
1154 2341 1226 2375 den
1252 2340 1446 2374 Aufschub
1479 2341 1545 2375 des

82 2391 215 2438 TageS,
239 2402 300 2425 wo
328 2392 393 2425 ich
423 2404 470 2424 zu
493 2392 587 2425 Rom
616 2390 841 2425 erschemen
867 2392 951 2433 soll,
980 2392 1058 2423 mir
1082 2401 1130 2423 zu
1148 2391 1272 2423 Nutze
1299 2389 1474 2425 macheu.
1499 2406 1544 2414 —

83 2444 146 2485 qui
169 2450 216 2468 :-
242 2440 385 2484 quippe
420 2440 500 2483 qui,
537 2440 616 2472 ‹lass
644 2440 712 2472 Du.
748 2458 794 2464 —-
831 2437 875 2473 ab
902 2438 996 2473 ludis
1019 2438 1204 2479 scriberes,
1231 2436 1337 2479 „und
1365 2437 1444 2469 dass
1471 2437 1544 2479 Du,

82 2499 147 2519 um
175 2486 251 2519 mir
277 2487 338 2520 die
364 2487 578 2521 Nachricht
605 2487 722 2534 zeitig
747 2495 794 2519 zu
827 2487 961 2533 geben,
1000 2494 1113 2534 sogal·
1147 2486 1208 2519 die
1244 2482 1544 2517 Circensischen

82 2534 212 2578 Spiele
240 2537 528 2568 vers'a'umtestf‘
555 2535 667 2568 Diese
694 2535 763 2582 gab
782 2534 895 2567 C‘a'sar
914 2535 985 2567 mit
1002 2535 1129 2569 vielen
1153 2534 1294 2566 Kosten
1311 2531 1396 2564 (lem
1419 2531 1543 2565 Volke

80 2594 217 2629 wegen
244 2581 306 2615 des
332 2582 573 2629 siegreichen
603 2582 819 2628 Ausganges
846 2583 965 2616 seines
991 2581 1231 2627 Spanischen
1250 2579 1475 2625 Feldzuges.
1501 2595 1542 2604 -—

79 2632 141 2664 sed
166 2643 300 2675 conseq.
329 2630 358 2665 h.
380 2636 476 2674 post,
513 2631 603 2663 aber
639 2629 704 2663 ich
739 2630 842 2663 kann
881 2643 918 2665 es
952 2631 1016 2664 ein
1043 2632 1135 2664 Paar
1160 2629 1264 2676 Tage
1296 2629 1424 2671 spater
1449 2627 1544 2660 eben

79 2689 117 2711 so
144 2683 213 2725 gut
238 2677 461 2719 abmachen,
488 2678 649 2716 abthun.
