1795 3081
281 60 605 109 EPISTULA
643 59 986 107 CCCCXXIX.
1026 60 1348 108 CCCCXXX.
1495 65 1553 108 51

171 179 488 230 EPISTOLA
527 179 866 227 CCCCXXIX.
939 180 1019 237 (ad
1057 181 1172 230 Div.
1210 182 1342 229 XIV.
1381 183 1479 241 20.)

226 270 308 304 scr.
338 270 419 302 Kal,
448 269 525 303 oct.
555 268 600 302 de
629 268 828 302 Venusino
856 268 896 300 A.
927 269 970 302 U.
1001 268 1040 301 c,
1069 270 1151 304 707.
1193 272 1240 311 (a.
1268 270 1307 304 C.
1336 271 1412 314 [1-7.)

94 344 137 375 In
166 342 420 375 Tusculanum
447 352 484 374 se
520 345 725 373 venturum
760 339 910 372 nuntiat
945 339 1073 384 ibique
1110 351 1205 384 quac·
1239 342 1314 376 sint
1346 343 1554 377 necessaria

684 388 813 431 parari
841 387 954 420 iubet.

402 458 620 493 TULLIUS
647 457 682 493 S.
709 459 751 493 D.
781 458 1071 492 TERENTIAE
1097 458 1238 494 SUAE.

202 533 251 572 In
304 529 606 570 Tusculanum
658 544 736 570 nos
787 537 1000 571 venturos
1051 538 1253 584 putamus
1304 538 1379 573 aut
1417 533 1556 573 Nonis

94 595 171 627 aut
198 585 425 641 postridie.
485 586 551 625 Ibi
589 593 640 626 ut
677 588 765 625 sint
805 587 953 624 omnia
995 591 1174 639 parata!
1246 587 1398 627 Plures
1441 591 1556 628 enim

95 646 280 682 fortasse
310 642 539 680 nobiscum
569 648 700 681 erunt
730 648 784 688 et,
817 648 867 680 ut
896 641 1110 692 arbitror,
1148 641 1314 682 diutius
1344 644 1407 682 ibi
1440 658 1552 683 com-

94 699 379 737 morabimur.
438 697 634 736 Labrum
664 698 701 735 si
731 698 776 735 in
807 697 983 736 balineo
1015 710 1101 736 non
1133 703 1219 737 est:
1263 704 1313 737 ut
1342 700 1423 747 sit3
1454 701 1558 739 item

96 760 256 803 cetera,
288 765 397 804 quae
428 759 528 791 sunt
569 751 623 790 ad
658 753 827 791 victum
871 757 914 790 et
951 752 1251 793 valetudinem
1288 756 1556 794 necessaria!

96 809 219 848 Vale.
281 807 379 847 Kal.
413 808 594 846 Octobr.
628 806 680 846 de
711 807 954 846 Venusino.

200 983 517 1032 EPISTULA
556 982 876 1030 CCCCXXX.
948 981 1028 1040 (ad
1064 980 1176 1030 Div,
1214 984 1318 1032 XV,
1356 984 1457 1041 21.)

215 1072 294 1106 scr.
325 1072 462 1105 Romae
490 1083 617 1104 mens-0
645 1071 848 1104 Decembri
876 1070 917 1104 A.
947 1072 991 1105 U.
1021 1071 1058 1105 c.
1089 1072 1167 1105 707.
1217 1073 1265 1112 (ὃ.
1298 1070 1336 1104 e.
1365 1073 1441 1113 47.)

97 1143 236 1178 Scribit
262 1155 299 1177 se
325 1142 507 1177 Trebonii
532 1142 734 1187 epistolam
762 1147 799 1176 et
824 1142 968 1175 librum
996 1142 1041 1175 ad
1067 1154 1104 1176 se
1131 1143 1289 1175 missum
1313 1142 1481 1176 libenter
1506 1142 1562 1175 le-

98 1193 216 1238 gisse;
245 1203 358 1239 aegre
387 1196 510 1224 tamen
539 1192 620 1224 eius
649 1191 856 1223 discessum
885 1191 999 1224 ferre.
1048 1193 1153 1226 1—3.
1204 1190 1349 1223 Deinde
1376 1189 1488 1223 suurn
1516 1190 1561 1222 de

98 1240 213 1274 Calvo
241 1245 392 1273 oratore
420 1239 608 1272 iudicium
635 1238 817 1272 defendit.
839 1240 943 1273 4-5.
971 1248 1153 1282 suamque
1180 1238 1219 1270 in
1238 1238 1472 1272 Trebonium
1501 1238 1562 1270 be-

524 1287 782 1320 nevolentiam
808 1286 1048 1320 testificatur.
1085 1290 1118 1324 6,

452 1360 497 1390 Μ,
527 1358 706 1392 CICERO
734 1357 767 1391 S.
797 1358 840 1391 D.
871 1358 910 1391 C.
940 1358 1198 1392 TREBONIO.

206 1431 259 1469 'Et
291 1430 523 1484 epistolam
553 1436 671 1468 tuam
707 1431 796 1485 legi
837 1431 1028 1470 libenter
1067 1437 1110 1469 et
1151 1430 1314 1468 librum
1362 1430 1561 1469 libentis-

99 1546 267 1586 vidisset,
297 1544 491 1578 descendit
519 1555 679 1587 eumque
715 1544 908 1583 salutavit,
944 1555 986 1576 ac
1022 1548 1114 1577 teste
1148 1543 1352 1576 Plutarcho
1394 1555 1480 1577 cum
1519 1554 1562 1577 eo

99 1594 178 1627 solo
216 1593 439 1636 colloquens
475 1592 597 1624 multa
643 1590 762 1624 stadia
797 1591 993 1635 processit.
1057 1592 1112 1624 Ita
1147 1591 1271 1630 venifi,
1323 1603 1396 1634 quo
1430 1591 1562 1632 vellet,

99 1641 213 1674 cundi
247 1640 448 1684 impetrat&
483 1640 654 1684 primum
693 1639 807 1671 villas
841 1639 938 1672 obiit
972 1649 1014 1671 ac
1042 1638 1177 1671 deinde
1214 1640 1255 1670 in
1284 1640 1415 1673 urbem
1445 1639 1560 1671 venit.

99 1690 233 1723 Caesar
267 1693 394 1722 autem
429 1700 480 1721 vl.
509 1687 590 1719 Kal.
629 1687 705 1719 Ian.
743 1687 786 1728 (i⁶
816 1698 846 1720 e.
874 1687 1001 1731 pridie
1030 1688 1127 1724 Non,
1158 1686 1326 1724 Octobr.)
1388 1687 1563 1731 Lilybaei

99 1748 235 1770 navem
263 1735 486 1769 conscendit
512 1735 556 1768 ad
583 1735 727 1768 bellum
754 1735 974 1768 Africanum
1000 1736 1258 1779 profecturus.
1286 1736 1386 1768 SCH.

194 1812 225 1842 1.
278 1808 335 1842 Ibi
360 1807 478 1841 velim
505 1807 568 1840 vel
607 1817 697 1839 cura
736 1813 776 1840 ut
810 1810 893 1841 sint.
929 1806 982 1843 VS.
1011 1805 1159 1839 Ramsh.
1188 1806 1214 1849 ξ).
1244 1808 1325 1848 167,
1351 1809 1385 1847 2,
1413 1807 1499 1841 Not,
1529 1811 1561 1841 1.

101 1859 180 1898 193,
209 1860 242 1897 1,
271 1860 301 1890 1.
329 1875 374 1880 --
412 1857 568 1895 labrum,
596 1866 781 1901 magnum
807 1866 870 1887 vas
898 1854 942 1886 ad
969 1853 1231 1898 recipiendam
1257 1866 1404 1898 aquam.
1458 1855 1563 1897 Quod

100 1905 282 1951 guturnio
310 1903 540 1948 supponitur
566 1915 640 1941 vas,
671 1903 783 1936 etiam
812 1902 961 1935 labrum
990 1902 1145 1935 dicitur.
1197 1902 1273 1935 Ein
1299 1902 1440 1940 KesseL
1478 1903 1561 1937 eine

99 1953 265 1986 WVanno.
319 1952 354 1986 S.
384 1952 529 1985 Colum.
560 1951 647 1992 XII,
675 1954 733 1986 50.
771 1950 847 1983 Cat.
876 1950 916 1983 R.
946 1950 986 1983 R.
1014 1950 1056 1991 X,
1086 1952 1142 1990 ll,
1171 1953 1227 1984 13.
1256 1950 1397 1997 virgil.
1420 1950 1559 1997 Georg.

101 2002 150 2038 11,
176 2004 209 2036 6.
238 2018 280 2025 —-
309 2005 348 2033 ut
372 2002 433 2038 sit,
468 2010 623 2044 operam
653 1999 709 2033 da.
736 2017 781 2024 -
820 1999 996 2033 Venusino
1030 1998 1054 2031 i.
1085 2009 1115 2031 e.
1149 1995 1307 2043 praedio
1346 1999 1387 2031 in
1421 1997 1561 2031 vicinia

101 2048 300 2089 Venusiae,
326 2044 475 2081 Horatii
502 2047 657 2092 patriae.

197 2120 232 2152 C.
262 2119 537 2153 TREBONIUS
562 2119 684 2163 Asper
710 2119 850 2166 betrug
882 2116 964 2151 sich
1004 2117 1056 2151 als
1084 2117 1268 2159 Quaestor
1299 2118 1462 2151 urbanus
1497 2118 1560 2152 des

102 2167 208 2201 Iahrs
234 2169 305 2203 694
329 2164 408 2199 und
434 2166 487 2200 als
513 2167 668 2215 Gegner
694 2167 758 2200 des
785 2166 940 2200 Clodius
967 2176 1006 2199 so
1033 2164 1290 2207 vortrefflich‚
1318 2165 1397 2198 <lass
1424 2166 1560 2201 Cicero

104 2214 171 2247 ihn
198 2215 369 2248 desshalb
397 2213 497 2248 noch
522 2215 635 2262 lange
662 2214 836 2248 nachher
861 2214 932 2254 11th
959 2224 1128 2260 grossem
1155 2213 1255 2247 Lobe
1282 2212 1409 2248 erhob.
1451 2213 1486 2248 S.
1515 2214 1560 2247 ad

104 2263 250 2296 Divers.
282 2261 364 2304 XV,
397 2264 454 2297 21.
510 2263 577 2296 Als
608 2263 807 2307 Pompeius
845 2261 923 2295 und
958 2261 1108 2295 Crassus
1141 2273 1229 2294 zum
1264 2262 1429 2295 zweiten
1464 2262 1561 2295 Male

104 2311 166 2343 das
194 2310 376 2344 Consulat
401 2310 655 2351 bekleidetem
690 2311 762 2357 gab
797 2322 840 2344 er
864 2311 919 2343 als
945 2309 1138 2343 Tribunus
1165 2309 1286 2343 Plebis
1313 2312 1383 2345 699
1410 2310 1471 2343 die
1499 2311 1561 2342 lex

105 2358 149 2391 de
176 2358 428 2406 prorogandis
454 2359 603 2393 Caesari
630 2357 767 2392 Galliis
795 2358 836 2390 in
864 2358 1030 2390 alterurn
1058 2356 1381 2401 quinquennium.
1438 2355 1562 2391 Nach-

104 2404 174 2438 her
207 2405 336 2439 diente
376 2417 417 2439 er
449 2411 562 2439 unter
597 2405 710 2439 C'zisar
744 2406 783 2438 in
817 2405 973 2439 Gallierx
1009 2406 1062 2438 als
1090 2405 1208 2452 Legat
1233 2405 1313 2437 und
1339 2415 1473 2452 zwang
1500 2405 1560 2437 die

106 2454 292 2487 Blassilier
317 2465 387 2486 zur
411 2454 642 2500 Uebergabe.
693 2453 730 2487 S.
760 2454 861 2486 Caes.
894 2453 939 2486 de
966 2452 1005 2484 B.
1035 2451 1147 2486 Civil.
1177 2457 1209 2493 1,
1237 2455 1292 2487 36.
1346 2452 1412 2486 Als
1439 2453 1563 2486 dieser

105 2512 229 2548 gegen
256 2501 329 2534 den
356 2494 554 2545 Pompeius
584 2500 682 2534 nach
701 2500 989 2535 Griechenland
1014 2500 1167 2549 abging,
1194 2501 1284 2534 liess
1311 2512 1352 2533 er
1378 2501 1449 2533 den
1469 2501 1560 2534 Tre-

106 2548 238 2582 bonius
266 2549 318 2582 als
343 2549 496 2582 Praetor
520 2549 684 2582 urbanus
711 2549 751 2581 in
778 2548 872 2581 Rom
899 2548 1057 2589 zuriick‚
1094 2549 1271 2582 woriiber
1297 2548 1436 2587 C'ailius,
1469 2548 1557 2581 weil

109 2608 149 2628 cr
176 2609 250 2629 nur
277 2598 430 2630 Praetor
455 2597 682 2644 peregrinus
718 2596 925 2644 geworden
953 2608 1047 2636 war,
1081 2595 1211 2629 solche
1239 2595 1386 2629 H'zindel
1413 2595 1556 2642 anfing,

109 2644 187 2676 «lass
216 2644 281 2677 ihn
309 2645 377 2677 ‹ler
403 2644 545 2677 Consul
571 2644 756 2679 Servilius
782 2644 860 2676 und
887 2643 954 2678 der
980 2643 1077 2677 Rath
1104 2645 1306 2677 absetzten.
1358 2644 1465 2676 Nach
1493 2644 1559 2676 der

109 2693 240 2725 Prkitur
267 2692 435 2726 schickte
461 2693 572 2728 C'zisar
610 2693 682 2727 den
707 2691 915 2726 Trebonius
952 2692 1004 2726 als
1032 2693 1236 2737 Propr'zitor
1261 2690 1357 2725 nach
1384 2691 1557 2736 Spanien.

1212 2752 1259 2790 4*
