<?xml version="1.0" encoding="UTF-8"?>
<!DOCTYPE html PUBLIC "-//W3C//DTD XHTML 1.0 Transitional//EN"
    "http://www.w3.org/TR/xhtml1/DTD/xhtml1-transitional.dtd">
<html xmlns="http://www.w3.org/1999/xhtml" xml:lang="en" lang="en">
 <head>
  <title>
</title>
<meta http-equiv="Content-Type" content="text/html;charset=utf-8" />
  <meta name='ocr-system' content='tesseract 3.04.00' />
  <meta name='ocr-capabilities' content='ocr_page ocr_carea ocr_par ocr_line ocrx_word'/>
</head>
<body>
  <div class='ocr_page' id='page_1' title='image "./epistolaeadattic03ciceuoft_0314.png"; bbox 0 0 1795 3081; ppageno 0'>
   <div class='ocr_carea' id='block_1_1' title="bbox 233 88 1451 141">
    <p class='ocr_par' dir='ltr' id='par_1_1' title="bbox 233 88 1451 141">
     <span class='ocr_line' id='line_1_1' title="bbox 233 88 1451 141; baseline 0 -2"><span class='ocrx_word' id='word_1_1' title='bbox 233 94 332 139; x_wconf 75' lang='lat'>304</span> <span class='ocrx_word' id='word_1_2' title='bbox 502 89 569 137; x_wconf 89' lang='grc' dir='ltr'>Μ.</span> <span class='ocrx_word' id='word_1_3' title='bbox 596 90 648 136; x_wconf 91' lang='grc' dir='ltr'>Τ.</span> <span class='ocrx_word' id='word_1_4' title='bbox 686 88 1031 139; x_wconf 86' lang='lat' dir='ltr'>CICERONIS</span> <span class='ocrx_word' id='word_1_5' title='bbox 1069 88 1451 141; x_wconf 84' lang='lat' dir='ltr'>EPISTOLAE.</span> 
     </span>
    </p>
   </div>
   <div class='ocr_carea' id='block_1_2' title="bbox 193 209 1712 1686">
    <p class='ocr_par' dir='ltr' id='par_1_2' title="bbox 193 209 1712 1686">
     <span class='ocr_line' id='line_1_2' title="bbox 233 209 1699 270; baseline 0.001 -17"><span class='ocrx_word' id='word_1_6' title='bbox 233 213 420 253; x_wconf 79' lang='lat' dir='ltr'>vulnera</span> <span class='ocrx_word' id='word_1_7' title='bbox 451 212 692 270; x_wconf 84' lang='lat' dir='ltr'>accepisse,</span> <span class='ocrx_word' id='word_1_8' title='bbox 724 223 859 249; x_wconf 87' lang='lat' dir='ltr'>unum</span> <span class='ocrx_word' id='word_1_9' title='bbox 889 212 936 250; x_wconf 91' lang='lat' dir='ltr'>in</span> <span class='ocrx_word' id='word_1_10' title='bbox 967 209 1213 261; x_wconf 78' lang='lat' dir='ltr'>stomacho,</span> <span class='ocrx_word' id='word_1_11' title='bbox 1256 213 1442 251; x_wconf 87' lang='lat' dir='ltr'>alterum</span> <span class='ocrx_word' id='word_1_12' title='bbox 1472 213 1520 252; x_wconf 92' lang='lat' dir='ltr'>in</span> <span class='ocrx_word' id='word_1_13' title='bbox 1551 213 1699 266; x_wconf 77' lang='lat' dir='ltr'>capite</span> 
     </span>
     <span class='ocr_line' id='line_1_3' title="bbox 235 267 1700 320; baseline 0 -12"><span class='ocrx_word' id='word_1_14' title='bbox 235 267 474 308; x_wconf 88' lang='lat' dir='ltr'>secundum</span> <span class='ocrx_word' id='word_1_15' title='bbox 508 279 684 314; x_wconf 76' lang='lat' dir='ltr'>auie1n3</span> <span class='ocrx_word' id='word_1_16' title='bbox 715 279 894 318; x_wconf 83' lang='lat' dir='ltr'>sperare</span> <span class='ocrx_word' id='word_1_17' title='bbox 925 273 1084 315; x_wconf 81' lang='lat' dir='ltr'>tamen,</span> <span class='ocrx_word' id='word_1_18' title='bbox 1116 279 1213 305; x_wconf 86' lang='grc'><strong>811111</strong></span> <span class='ocrx_word' id='word_1_19' title='bbox 1244 269 1397 306; x_wconf 75' lang='lat' dir='ltr'>vivere</span> <span class='ocrx_word' id='word_1_20' title='bbox 1427 281 1577 320; x_wconf 89' lang='lat' dir='ltr'>posse:</span> <span class='ocrx_word' id='word_1_21' title='bbox 1603 269 1700 308; x_wconf 86' lang='lat' dir='ltr'>Ma-</span> 
     </span>
     <span class='ocr_line' id='line_1_4' title="bbox 233 321 1700 379; baseline 0.002 -18"><span class='ocrx_word' id='word_1_22' title='bbox 233 327 355 379; x_wconf 82' lang='lat' dir='ltr'>gium</span> <span class='ocrx_word' id='word_1_23' title='bbox 388 335 434 361; x_wconf 87' lang='lat' dir='ltr'>se</span> <span class='ocrx_word' id='word_1_24' title='bbox 464 324 606 375; x_wconf 89' lang='lat' dir='ltr'>ipsum</span> <span class='ocrx_word' id='word_1_25' title='bbox 637 324 753 359; x_wconf 79' lang='lat' dir='ltr'>intel</span> <span class='ocrx_word' id='word_1_26' title='bbox 757 322 933 361; x_wconf 76' lang='lat' dir='ltr'>fecisse</span> <span class='ocrx_word' id='word_1_27' title='bbox 985 328 1130 374; x_wconf 79' lang='lat' dir='ltr'>postea</span> <span class='ocrx_word' id='word_1_28' title='bbox 1162 335 1206 360; x_wconf 87' lang='lat' dir='ltr'>se</span> <span class='ocrx_word' id='word_1_29' title='bbox 1244 335 1268 360; x_wconf 84' lang='lat' dir='ltr'>a</span> <span class='ocrx_word' id='word_1_30' title='bbox 1298 321 1516 362; x_wconf 65' lang='lat' dir='ltr'>Blarcello</span> <span class='ocrx_word' id='word_1_31' title='bbox 1547 323 1602 362; x_wconf 88' lang='lat' dir='ltr'>ad</span> <span class='ocrx_word' id='word_1_32' title='bbox 1631 338 1700 364; x_wconf 85' lang='lat' dir='ltr'>me</span> 
     </span>
     <span class='ocr_line' id='line_1_5' title="bbox 234 375 1699 430; baseline -0.001 -12"><span class='ocrx_word' id='word_1_33' title='bbox 234 381 414 418; x_wconf 68' lang='lat' dir='ltr'>missum</span> <span class='ocrx_word' id='word_1_34' title='bbox 448 390 561 426; x_wconf 77' lang='lat' dir='ltr'>esse,</span> <span class='ocrx_word' id='word_1_35' title='bbox 603 379 677 429; x_wconf 87' lang='lat' dir='ltr'>qui</span> <span class='ocrx_word' id='word_1_36' title='bbox 706 375 809 415; x_wconf 82' lang='lat' dir='ltr'>haec</span> <span class='ocrx_word' id='word_1_37' title='bbox 840 378 1064 416; x_wconf 79' lang='lat' dir='ltr'>nuntiaret</span> <span class='ocrx_word' id='word_1_38' title='bbox 1093 382 1134 414; x_wconf 84' lang='lat' dir='ltr'>et</span> <span class='ocrx_word' id='word_1_39' title='bbox 1164 384 1355 430; x_wconf 74' lang='lat' dir='ltr'>logaret,</span> <span class='ocrx_word' id='word_1_40' title='bbox 1396 379 1463 416; x_wconf 88' lang='lat' dir='ltr'>uti</span> <span class='ocrx_word' id='word_1_41' title='bbox 1493 377 1699 418; x_wconf 80' lang='lat' dir='ltr'>medicos.</span> 
     </span>
     <span class='ocr_line' id='line_1_6' title="bbox 237 432 1700 487; baseline 0 -15"><span class='ocrx_word' id='word_1_42' title='bbox 237 433 338 472; x_wconf 78' lang='lat' dir='ltr'>Co‘c</span> <span class='ocrx_word' id='word_1_43' title='bbox 330 435 374 487; x_wconf 85' lang='grc' dir='ltr'>Υ1</span> <span class='ocrx_word' id='word_1_44' title='bbox 405 440 448 472; x_wconf 92' lang='lat' dir='ltr'>et</span> <span class='ocrx_word' id='word_1_45' title='bbox 478 446 500 471; x_wconf 93' lang='lat' dir='ltr'>e</span> <span class='ocrx_word' id='word_1_46' title='bbox 531 434 716 487; x_wconf 66' lang='lat' dir='ltr'>vestigio</span> <span class='ocrx_word' id='word_1_47' title='bbox 748 445 796 470; x_wconf 90' lang='lat' dir='ltr'>eo</span> <span class='ocrx_word' id='word_1_48' title='bbox 828 445 922 470; x_wconf 87' lang='lat' dir='ltr'>sum</span> <span class='ocrx_word' id='word_1_49' title='bbox 952 432 1177 484; x_wconf 77' lang='lat' dir='ltr'>profectus</span> <span class='ocrx_word' id='word_1_50' title='bbox 1208 434 1352 485; x_wconf 78' lang='lat' dir='ltr'>plima</span> <span class='ocrx_word' id='word_1_51' title='bbox 1383 433 1495 473; x_wconf 86' lang='lat' dir='ltr'>lucc.</span> <span class='ocrx_word' id='word_1_52' title='bbox 1555 433 1700 473; x_wconf 83' lang='lat' dir='ltr'>Ouum</span> 
     </span>
     <span class='ocr_line' id='line_1_7' title="bbox 237 487 1701 540; baseline 0.001 -13"><span class='ocrx_word' id='word_1_53' title='bbox 237 502 323 528; x_wconf 87' lang='lat' dir='ltr'>non</span> <span class='ocrx_word' id='word_1_54' title='bbox 378 489 506 539; x_wconf 67' lang='lat' dir='ltr'>longe</span> <span class='ocrx_word' id='word_1_55' title='bbox 557 501 581 526; x_wconf 88' lang='lat' dir='ltr'>a</span> <span class='ocrx_word' id='word_1_56' title='bbox 625 488 807 526; x_wconf 80' lang='lat' dir='ltr'>Piiaeeo</span> <span class='ocrx_word' id='word_1_57' title='bbox 862 488 1078 535; x_wconf 86' lang='lat' dir='ltr'>abessem,</span> <span class='ocrx_word' id='word_1_58' title='bbox 1139 501 1250 540; x_wconf 83' lang='lat' dir='ltr'>puer</span> <span class='ocrx_word' id='word_1_59' title='bbox 1296 487 1477 528; x_wconf 88' lang='lat' dir='ltr'>Acidini</span> <span class='ocrx_word' id='word_1_60' title='bbox 1527 490 1701 528; x_wconf 85' lang='lat' dir='ltr'>obviam</span> 
     </span>
     <span class='ocr_line' id='line_1_8' title="bbox 235 541 1700 597; baseline 0 -15"><span class='ocrx_word' id='word_1_61' title='bbox 235 543 343 582; x_wconf 85' lang='lat' dir='ltr'>mihi</span> <span class='ocrx_word' id='word_1_62' title='bbox 396 544 519 583; x_wconf 85' lang='lat' dir='ltr'>venit</span> <span class='ocrx_word' id='word_1_63' title='bbox 572 555 672 581; x_wconf 88' lang='lat' dir='ltr'>cum</span> <span class='ocrx_word' id='word_1_64' title='bbox 728 541 962 591; x_wconf 85' lang='lat' dir='ltr'>codicillis,</span> <span class='ocrx_word' id='word_1_65' title='bbox 1023 543 1068 580; x_wconf 92' lang='lat' dir='ltr'>in</span> <span class='ocrx_word' id='word_1_66' title='bbox 1119 543 1274 594; x_wconf 87' lang='lat' dir='ltr'>quibus</span> <span class='ocrx_word' id='word_1_67' title='bbox 1325 549 1419 582; x_wconf 86' lang='lat' dir='ltr'>erat</span> <span class='ocrx_word' id='word_1_68' title='bbox 1468 546 1700 597; x_wconf 82' lang='lat' dir='ltr'>scripturn,</span> 
     </span>
     <span class='ocr_line' id='line_1_9' title="bbox 236 595 1702 653; baseline 0.001 -16"><span class='ocrx_word' id='word_1_69' title='bbox 236 598 387 653; x_wconf 90' lang='lat' dir='ltr'>paullo</span> <span class='ocrx_word' id='word_1_70' title='bbox 437 604 536 637; x_wconf 86' lang='lat' dir='ltr'>ante</span> <span class='ocrx_word' id='word_1_71' title='bbox 582 598 726 637; x_wconf 88' lang='lat' dir='ltr'>lucem</span> <span class='ocrx_word' id='word_1_72' title='bbox 763 596 1024 636; x_wconf 83' lang='lat' dir='ltr'>Marcellum</span> <span class='ocrx_word' id='word_1_73' title='bbox 1072 595 1186 636; x_wconf 87' lang='lat' dir='ltr'>diem</span> <span class='ocrx_word' id='word_1_74' title='bbox 1228 610 1353 637; x_wconf 87' lang='lat' dir='ltr'>suum</span> <span class='ocrx_word' id='word_1_75' title='bbox 1393 599 1566 639; x_wconf 88' lang='lat' dir='ltr'>obiisse.</span> <span class='ocrx_word' id='word_1_76' title='bbox 1639 601 1702 638; x_wconf 84' lang='lat' dir='ltr'>lta</span> 
     </span>
     <span class='ocr_line' id='line_1_10' title="bbox 236 651 1702 695; baseline -0.001 -1"><span class='ocrx_word' id='word_1_77' title='bbox 236 656 309 695; x_wconf 80' lang='lat' dir='ltr'>vir</span> <span class='ocrx_word' id='word_1_78' title='bbox 352 654 621 693; x_wconf 81' lang='lat' dir='ltr'>clarissimus</span> <span class='ocrx_word' id='word_1_79' title='bbox 662 653 714 691; x_wconf 86' lang='lat' dir='ltr'>ab</span> <span class='ocrx_word' id='word_1_80' title='bbox 747 652 922 691; x_wconf 86' lang='lat' dir='ltr'>homine</span> <span class='ocrx_word' id='word_1_81' title='bbox 953 651 1191 692; x_wconf 86' lang='lat' dir='ltr'>deterrimo</span> <span class='ocrx_word' id='word_1_82' title='bbox 1232 654 1517 693; x_wconf 86' lang='lat' dir='ltr'>acerbissima</span> <span class='ocrx_word' id='word_1_83' title='bbox 1559 660 1702 694; x_wconf 87' lang='lat' dir='ltr'>morte</span> 
     </span>
     <span class='ocr_line' id='line_1_11' title="bbox 237 706 1702 763; baseline -0.001 -14"><span class='ocrx_word' id='word_1_84' title='bbox 237 715 303 749; x_wconf 82' lang='lat' dir='ltr'>est</span> <span class='ocrx_word' id='word_1_85' title='bbox 327 711 529 754; x_wconf 75' lang='lat' dir='ltr'>affectus3</span> <span class='ocrx_word' id='word_1_86' title='bbox 560 714 603 747; x_wconf 88' lang='lat' dir='ltr'>et</span> <span class='ocrx_word' id='word_1_87' title='bbox 623 709 694 747; x_wconf 87' lang='lat' dir='ltr'>cui</span> <span class='ocrx_word' id='word_1_88' title='bbox 719 709 891 746; x_wconf 81' lang='lat' dir='ltr'>inimici</span> <span class='ocrx_word' id='word_1_89' title='bbox 916 713 1098 761; x_wconf 87' lang='lat' dir='ltr'>propter</span> <span class='ocrx_word' id='word_1_90' title='bbox 1119 706 1373 762; x_wconf 80' lang='lat' dir='ltr'>dignitatem</span> <span class='ocrx_word' id='word_1_91' title='bbox 1399 715 1702 763; x_wconf 79' lang='lat' dir='ltr'>pepercerant,</span> 
     </span>
     <span class='ocr_line' id='line_1_12' title="bbox 193 739 1701 819; baseline -0.001 -15"><span class='ocrx_word' id='word_1_92' title='bbox 193 767 442 811; x_wconf 78' lang='lat' dir='ltr'>3inventus</span> <span class='ocrx_word' id='word_1_93' title='bbox 473 769 537 803; x_wconf 85' lang='lat' dir='ltr'>est</span> <span class='ocrx_word' id='word_1_94' title='bbox 566 765 751 809; x_wconf 84' lang='lat' dir='ltr'>amicus,</span> <span class='ocrx_word' id='word_1_95' title='bbox 794 766 871 816; x_wconf 84' lang='lat' dir='ltr'>qui</span> <span class='ocrx_word' id='word_1_96' title='bbox 902 765 942 802; x_wconf 90' lang='lat' dir='ltr'>ei</span> <span class='ocrx_word' id='word_1_97' title='bbox 973 769 1159 802; x_wconf 84' lang='lat' dir='ltr'>mortem</span> <span class='ocrx_word' id='word_1_98' title='bbox 1166 739 1379 803; x_wconf 41' lang='lat' dir='ltr'>²&#39;jafferreh</span> <span class='ocrx_word' id='word_1_99' title='bbox 1436 765 1526 819; x_wconf 74' lang='lat' dir='ltr'>Ego</span> <span class='ocrx_word' id='word_1_100' title='bbox 1556 771 1701 819; x_wconf 57' lang='grc' dir='ltr'><strong>1111ιρ811</strong></span> 
     </span>
     <span class='ocr_line' id='line_1_13' title="bbox 237 818 1702 871; baseline -0.001 -11"><span class='ocrx_word' id='word_1_101' title='bbox 237 820 292 860; x_wconf 86' lang='lat' dir='ltr'>ad</span> <span class='ocrx_word' id='word_1_102' title='bbox 331 820 661 858; x_wconf 82' lang='lat' dir='ltr'>tabernaculum</span> <span class='ocrx_word' id='word_1_103' title='bbox 698 822 792 859; x_wconf 85' lang='lat' dir='ltr'>eius</span> <span class='ocrx_word' id='word_1_104' title='bbox 834 820 1022 871; x_wconf 64' lang='lat' dir='ltr'>perrexi.</span> <span class='ocrx_word' id='word_1_105' title='bbox 1098 819 1249 858; x_wconf 85' lang='lat' dir='ltr'>lnvcni</span> <span class='ocrx_word' id='word_1_106' title='bbox 1289 818 1395 858; x_wconf 89' lang='lat' dir='ltr'>duos</span> <span class='ocrx_word' id='word_1_107' title='bbox 1440 821 1620 859; x_wconf 87' lang='lat' dir='ltr'>libertos</span> <span class='ocrx_word' id='word_1_108' title='bbox 1659 823 1702 860; x_wconf 85' lang='lat' dir='ltr'>et</span> 
     </span>
     <span class='ocr_line' id='line_1_14' title="bbox 238 875 1701 929; baseline 0 -16"><span class='ocrx_word' id='word_1_109' title='bbox 238 875 452 928; x_wconf 86' lang='lat' dir='ltr'>pauculos</span> <span class='ocrx_word' id='word_1_110' title='bbox 488 888 662 915; x_wconf 83' lang='lat' dir='ltr'>servos:</span> <span class='ocrx_word' id='word_1_111' title='bbox 709 875 904 926; x_wconf 82' lang='lat' dir='ltr'>reliquos</span> <span class='ocrx_word' id='word_1_112' title='bbox 945 875 1117 913; x_wconf 78' lang='lat' dir='ltr'>aiebant</span> <span class='ocrx_word' id='word_1_113' title='bbox 1157 875 1408 929; x_wconf 75' lang='lat' dir='ltr'>profugisse</span> <span class='ocrx_word' id='word_1_114' title='bbox 1447 881 1566 913; x_wconf 81' lang='lat' dir='ltr'>metu</span> <span class='ocrx_word' id='word_1_115' title='bbox 1604 888 1701 927; x_wconf 85' lang='lat' dir='ltr'>per-</span> 
     </span>
     <span class='ocr_line' id='line_1_15' title="bbox 238 929 1701 982; baseline 0 -13"><span class='ocrx_word' id='word_1_116' title='bbox 238 932 442 980; x_wconf 76' lang='lat' dir='ltr'>territos,</span> <span class='ocrx_word' id='word_1_117' title='bbox 489 929 605 982; x_wconf 82' lang='lat' dir='ltr'>quod</span> <span class='ocrx_word' id='word_1_118' title='bbox 644 929 843 968; x_wconf 85' lang='lat' dir='ltr'>dominus</span> <span class='ocrx_word' id='word_1_119' title='bbox 881 942 1031 968; x_wconf 87' lang='lat' dir='ltr'>eorum</span> <span class='ocrx_word' id='word_1_120' title='bbox 1069 936 1170 968; x_wconf 89' lang='lat' dir='ltr'>ante</span> <span class='ocrx_word' id='word_1_121' title='bbox 1201 930 1533 969; x_wconf 87' lang='lat' dir='ltr'>tabernaculum</span> <span class='ocrx_word' id='word_1_122' title='bbox 1565 931 1701 969; x_wconf 83' lang='lat' dir='ltr'>inter-</span> 
     </span>
     <span class='ocr_line' id='line_1_16' title="bbox 238 982 1703 1038; baseline 0 -14"><span class='ocrx_word' id='word_1_123' title='bbox 238 988 378 1025; x_wconf 85' lang='lat' dir='ltr'>fectus</span> <span class='ocrx_word' id='word_1_124' title='bbox 409 992 532 1024; x_wconf 87' lang='lat' dir='ltr'>esset.</span> <span class='ocrx_word' id='word_1_125' title='bbox 596 984 780 1023; x_wconf 79' lang='lat' dir='ltr'>Coactus</span> <span class='ocrx_word' id='word_1_126' title='bbox 812 997 907 1023; x_wconf 81' lang='lat' dir='ltr'>sunl</span> <span class='ocrx_word' id='word_1_127' title='bbox 937 987 983 1022; x_wconf 85' lang='lat' dir='ltr'>in</span> <span class='ocrx_word' id='word_1_128' title='bbox 1014 982 1161 1024; x_wconf 88' lang='lat' dir='ltr'>eadem</span> <span class='ocrx_word' id='word_1_129' title='bbox 1191 985 1265 1023; x_wconf 85' lang='lat' dir='ltr'>illa</span> <span class='ocrx_word' id='word_1_130' title='bbox 1297 985 1463 1034; x_wconf 77' lang='lat' dir='ltr'>lectica,</span> <span class='ocrx_word' id='word_1_131' title='bbox 1495 999 1580 1038; x_wconf 83' lang='lat' dir='ltr'>qua</span> <span class='ocrx_word' id='word_1_132' title='bbox 1608 987 1703 1037; x_wconf 86' lang='lat' dir='ltr'>ipse</span> 
     </span>
     <span class='ocr_line' id='line_1_17' title="bbox 237 1039 1701 1092; baseline 0 -13"><span class='ocrx_word' id='word_1_133' title='bbox 237 1039 405 1080; x_wconf 82' lang='lat' dir='ltr'>delatus</span> <span class='ocrx_word' id='word_1_134' title='bbox 438 1053 575 1088; x_wconf 84' lang='lat' dir='ltr'>eram,</span> <span class='ocrx_word' id='word_1_135' title='bbox 622 1043 820 1092; x_wconf 79' lang='lat' dir='ltr'>meisque</span> <span class='ocrx_word' id='word_1_136' title='bbox 851 1040 1090 1079; x_wconf 77' lang='lat' dir='ltr'>lecticariis</span> <span class='ocrx_word' id='word_1_137' title='bbox 1121 1042 1165 1078; x_wconf 91' lang='lat' dir='ltr'>in</span> <span class='ocrx_word' id='word_1_138' title='bbox 1198 1041 1351 1079; x_wconf 87' lang='lat' dir='ltr'>urbem</span> <span class='ocrx_word' id='word_1_139' title='bbox 1382 1054 1481 1080; x_wconf 87' lang='lat' dir='ltr'>eum</span> <span class='ocrx_word' id='word_1_140' title='bbox 1511 1041 1701 1080; x_wconf 83' lang='lat' dir='ltr'>referre:</span> 
     </span>
     <span class='ocr_line' id='line_1_18' title="bbox 237 1096 1702 1148; baseline -0.002 -12"><span class='ocrx_word' id='word_1_141' title='bbox 237 1097 387 1148; x_wconf 73' lang='lat' dir='ltr'>ibique</span> <span class='ocrx_word' id='word_1_142' title='bbox 406 1109 486 1141; x_wconf 82' lang='lat' dir='ltr'>pro</span> <span class='ocrx_word' id='word_1_143' title='bbox 504 1109 551 1135; x_wconf 85' lang='lat' dir='ltr'>ea</span> <span class='ocrx_word' id='word_1_144' title='bbox 569 1099 710 1148; x_wconf 82' lang='lat' dir='ltr'>copia,</span> <span class='ocrx_word' id='word_1_145' title='bbox 734 1109 841 1148; x_wconf 79' lang='lat' dir='ltr'>quae</span> <span class='ocrx_word' id='word_1_146' title='bbox 852 1096 1033 1134; x_wconf 87' lang='lat' dir='ltr'>Athenis</span> <span class='ocrx_word' id='word_1_147' title='bbox 1051 1101 1157 1143; x_wconf 70' lang='lat' dir='ltr'>erat,</span> <span class='ocrx_word' id='word_1_148' title='bbox 1180 1096 1309 1134; x_wconf 87' lang='lat' dir='ltr'>funus</span> <span class='ocrx_word' id='word_1_149' title='bbox 1331 1096 1370 1134; x_wconf 86' lang='lat' dir='ltr'>ei</span> <span class='ocrx_word' id='word_1_150' title='bbox 1387 1097 1490 1134; x_wconf 77' lang='lat' dir='ltr'>satis</span> <span class='ocrx_word' id='word_1_151' title='bbox 1508 1097 1702 1148; x_wconf 85' lang='lat' dir='ltr'>amplum</span> 
     </span>
     <span class='ocr_line' id='line_1_19' title="bbox 234 1151 1703 1203; baseline -0.001 -12"><span class='ocrx_word' id='word_1_152' title='bbox 234 1151 488 1191; x_wconf 78' lang='lat' dir='ltr'>faciendum</span> <span class='ocrx_word' id='word_1_153' title='bbox 526 1164 605 1190; x_wconf 81' lang='grc'><strong>0111</strong></span> <span class='ocrx_word' id='word_1_154' title='bbox 609 1153 692 1190; x_wconf 82' lang='lat' dir='ltr'>avi.</span> <span class='ocrx_word' id='word_1_155' title='bbox 765 1151 830 1189; x_wconf 80' lang='lat' dir='ltr'>Ab</span> <span class='ocrx_word' id='word_1_156' title='bbox 862 1151 1220 1200; x_wconf 79' lang='lat' dir='ltr'>Atheniensibus,</span> <span class='ocrx_word' id='word_1_157' title='bbox 1268 1151 1409 1190; x_wconf 86' lang='lat' dir='ltr'>locum</span> <span class='ocrx_word' id='word_1_158' title='bbox 1450 1153 1703 1203; x_wconf 83' lang='lat' dir='ltr'>sepulturae</span> 
     </span>
     <span class='ocr_line' id='line_1_20' title="bbox 236 1205 1702 1261; baseline -0.002 -14"><span class='ocrx_word' id='word_1_159' title='bbox 236 1209 355 1247; x_wconf 78' lang='lat' dir='ltr'>intra</span> <span class='ocrx_word' id='word_1_160' title='bbox 375 1220 429 1245; x_wconf 90' lang='grc'>111</span> <span class='ocrx_word' id='word_1_161' title='bbox 433 1207 529 1245; x_wconf 86' lang='lat' dir='ltr'>bem</span> <span class='ocrx_word' id='word_1_162' title='bbox 548 1212 597 1245; x_wconf 84' lang='lat' dir='ltr'>ut</span> <span class='ocrx_word' id='word_1_163' title='bbox 618 1206 787 1255; x_wconf 76' lang='lat' dir='ltr'>darent,</span> <span class='ocrx_word' id='word_1_164' title='bbox 810 1207 972 1258; x_wconf 78' lang='lat' dir='ltr'>iinpet1</span> <span class='ocrx_word' id='word_1_165' title='bbox 975 1219 1049 1245; x_wconf 76' lang='lat' dir='ltr'>aie</span> <span class='ocrx_word' id='word_1_166' title='bbox 1073 1219 1157 1244; x_wconf 88' lang='lat' dir='ltr'>non</span> <span class='ocrx_word' id='word_1_167' title='bbox 1179 1207 1318 1258; x_wconf 79' lang='lat' dir='ltr'>potui,</span> <span class='ocrx_word' id='word_1_168' title='bbox 1344 1205 1459 1258; x_wconf 88' lang='lat' dir='ltr'>quod</span> <span class='ocrx_word' id='word_1_169' title='bbox 1481 1207 1702 1261; x_wconf 83' lang='lat' dir='ltr'>religione</span> 
     </span>
     <span class='ocr_line' id='line_1_21' title="bbox 235 1259 1701 1315; baseline -0.001 -15"><span class='ocrx_word' id='word_1_170' title='bbox 235 1274 282 1303; x_wconf 90' lang='lat' dir='ltr'>se</span> <span class='ocrx_word' id='word_1_171' title='bbox 303 1261 509 1315; x_wconf 86' lang='lat' dir='ltr'>impedir</span> <span class='ocrx_word' id='word_1_172' title='bbox 498 1278 511 1300; x_wconf 92' lang='lat'><em>1</em></span> <span class='ocrx_word' id='word_1_173' title='bbox 531 1260 652 1300; x_wconf 86' lang='lat' dir='ltr'>dice1</span> <span class='ocrx_word' id='word_1_174' title='bbox 656 1269 746 1300; x_wconf 89' lang='lat' dir='ltr'>ent:</span> <span class='ocrx_word' id='word_1_175' title='bbox 773 1274 913 1314; x_wconf 75' lang='lat' dir='ltr'>neque</span> <span class='ocrx_word' id='word_1_176' title='bbox 932 1267 1078 1299; x_wconf 86' lang='lat' dir='ltr'>tamen</span> <span class='ocrx_word' id='word_1_177' title='bbox 1096 1259 1139 1298; x_wconf 89' lang='lat' dir='ltr'>id</span> <span class='ocrx_word' id='word_1_178' title='bbox 1158 1267 1283 1300; x_wconf 79' lang='lat' dir='ltr'>antea</span> <span class='ocrx_word' id='word_1_179' title='bbox 1307 1263 1508 1314; x_wconf 83' lang='lat' dir='ltr'>cuiquam</span> <span class='ocrx_word' id='word_1_180' title='bbox 1524 1274 1701 1300; x_wconf 87' lang='lat' dir='ltr'>conces-</span> 
     </span>
     <span class='ocr_line' id='line_1_22' title="bbox 234 1315 1702 1371; baseline -0.001 -14"><span class='ocrx_word' id='word_1_181' title='bbox 234 1325 399 1358; x_wconf 75' lang='lat' dir='ltr'>selant</span> <span class='ocrx_word' id='word_1_182' title='bbox 433 1315 558 1355; x_wconf 87' lang='lat' dir='ltr'>Ouod</span> <span class='ocrx_word' id='word_1_183' title='bbox 578 1319 824 1370; x_wconf 70' lang='lat' dir='ltr'>ploximum</span> <span class='ocrx_word' id='word_1_184' title='bbox 846 1319 943 1364; x_wconf 83' lang='lat' dir='ltr'>fuit,</span> <span class='ocrx_word' id='word_1_185' title='bbox 969 1318 1036 1355; x_wconf 76' lang='lat' dir='ltr'>uti</span> <span class='ocrx_word' id='word_1_186' title='bbox 1057 1318 1102 1354; x_wconf 85' lang='lat' dir='ltr'>in</span> <span class='ocrx_word' id='word_1_187' title='bbox 1126 1329 1209 1369; x_wconf 79' lang='lat' dir='ltr'>quo</span> <span class='ocrx_word' id='word_1_188' title='bbox 1236 1316 1448 1355; x_wconf 80' lang='lat' dir='ltr'>vellemus</span> <span class='ocrx_word' id='word_1_189' title='bbox 1474 1317 1702 1371; x_wconf 82' lang='lat' dir='ltr'>gymnasio</span> 
     </span>
     <span class='ocr_line' id='line_1_23' title="bbox 234 1348 1700 1424; baseline -0.002 -11"><span class='ocrx_word' id='word_1_190' title='bbox 234 1387 335 1413; x_wconf 82' lang='lat' dir='ltr'>eum</span> <span class='ocrx_word' id='word_1_191' title='bbox 367 1372 672 1424; x_wconf 81' lang='lat' dir='ltr'>sepeliremus,</span> <span class='ocrx_word' id='word_1_192' title='bbox 704 1372 827 1410; x_wconf 88' lang='lat' dir='ltr'>nobis</span> <span class='ocrx_word' id='word_1_193' title='bbox 859 1373 1164 1424; x_wconf 79' lang='lat' dir='ltr'>permiserunt.</span> <span class='ocrx_word' id='word_1_194' title='bbox 1223 1371 1315 1410; x_wconf 88' lang='lat' dir='ltr'>Nos</span> <span class='ocrx_word' id='word_1_195' title='bbox 1348 1373 1394 1410; x_wconf 91' lang='lat' dir='ltr'>in</span> <span class='ocrx_word' id='word_1_196' title='bbox 1429 1348 1700 1411; x_wconf 50' lang='lat' dir='ltr'>nobbilissimo</span> 
     </span>
     <span class='ocr_line' id='line_1_24' title="bbox 234 1425 1703 1481; baseline -0.001 -15"><span class='ocrx_word' id='word_1_197' title='bbox 234 1429 356 1467; x_wconf 86' lang='lat' dir='ltr'>orbis</span> <span class='ocrx_word' id='word_1_198' title='bbox 375 1434 598 1465; x_wconf 77' lang='lat' dir='ltr'>terrarum</span> <span class='ocrx_word' id='word_1_199' title='bbox 615 1429 843 1481; x_wconf 77' lang='lat' dir='ltr'>gymnasio</span> <span class='ocrx_word' id='word_1_200' title='bbox 856 1427 1115 1466; x_wconf 82' lang='lat' dir='ltr'>Academiae</span> <span class='ocrx_word' id='word_1_201' title='bbox 1137 1428 1275 1465; x_wconf 87' lang='lat' dir='ltr'>locum</span> <span class='ocrx_word' id='word_1_202' title='bbox 1295 1425 1534 1479; x_wconf 70' lang='lat' dir='ltr'>delegimus</span> <span class='ocrx_word' id='word_1_203' title='bbox 1552 1428 1703 1479; x_wconf 83' lang='lat' dir='ltr'>ibique</span> 
     </span>
     <span class='ocr_line' id='line_1_25' title="bbox 221 1484 1712 1542; baseline -0.001 -10"><span class='ocrx_word' id='word_1_204' title='bbox 221 1484 1712 1542; x_wconf 40' lang='grc' dir='ltr'>Μ</span> 
     </span>
     <span class='ocr_line' id='line_1_26' title="bbox 233 1544 1703 1592; baseline -0.001 -14"><span class='ocrx_word' id='word_1_205' title='bbox 233 1548 326 1592; x_wconf 74' lang='lat' dir='ltr'>Lag.</span> <span class='ocrx_word' id='word_1_206' title='bbox 356 1544 442 1578; x_wconf 80' lang='lat' dir='ltr'>sch.</span> <span class='ocrx_word' id='word_1_207' title='bbox 473 1545 570 1577; x_wconf 81' lang='lat' dir='ltr'>Liin.</span> <span class='ocrx_word' id='word_1_208' title='bbox 601 1546 675 1579; x_wconf 78' lang='grc' dir='ltr'>ΟΒ.</span> <span class='ocrx_word' id='word_1_209' title='bbox 704 1564 750 1569; x_wconf 85' lang='grc'>-</span> <span class='ocrx_word' id='word_1_210' title='bbox 788 1558 823 1578; x_wconf 84' lang='lat' dir='ltr'>se</span> <span class='ocrx_word' id='word_1_211' title='bbox 850 1548 968 1590; x_wconf 78' lang='lat' dir='ltr'>ipsum</span> <span class='ocrx_word' id='word_1_212' title='bbox 993 1544 1234 1589; x_wconf 67' lang='lat' dir='ltr'>inteifecisse,</span> <span class='ocrx_word' id='word_1_213' title='bbox 1263 1546 1365 1588; x_wconf 86' lang='lat' dir='ltr'>quod</span> <span class='ocrx_word' id='word_1_214' title='bbox 1394 1557 1480 1578; x_wconf 88' lang='lat' dir='ltr'>eum</span> <span class='ocrx_word' id='word_1_215' title='bbox 1508 1545 1703 1578; x_wconf 84' lang='lat' dir='ltr'>commissi</span> 
     </span>
     <span class='ocr_line' id='line_1_27' title="bbox 232 1593 1701 1640; baseline 0.001 -13"><span class='ocrx_word' id='word_1_216' title='bbox 232 1594 428 1627; x_wconf 78' lang='lat' dir='ltr'>facinoris</span> <span class='ocrx_word' id='word_1_217' title='bbox 472 1594 705 1637; x_wconf 76' lang='lat' dir='ltr'>poeniteret.</span> <span class='ocrx_word' id='word_1_218' title='bbox 777 1594 935 1627; x_wconf 73' lang='lat' dir='ltr'>Causam</span> <span class='ocrx_word' id='word_1_219' title='bbox 981 1594 1087 1627; x_wconf 79' lang='lat' dir='ltr'>necis</span> <span class='ocrx_word' id='word_1_220' title='bbox 1125 1593 1262 1627; x_wconf 87' lang='lat' dir='ltr'>Cicero</span> <span class='ocrx_word' id='word_1_221' title='bbox 1304 1593 1459 1640; x_wconf 83' lang='lat' dir='ltr'>ignorat</span> <span class='ocrx_word' id='word_1_222' title='bbox 1503 1593 1549 1626; x_wconf 83' lang='lat' dir='ltr'>ad</span> <span class='ocrx_word' id='word_1_223' title='bbox 1583 1593 1701 1628; x_wconf 84' lang='lat' dir='ltr'>Attio.</span> 
     </span>
     <span class='ocr_line' id='line_1_28' title="bbox 233 1640 1700 1686; baseline 0 -12"><span class='ocrx_word' id='word_1_224' title='bbox 233 1642 426 1681; x_wconf 81' lang='lat' dir='ltr'>X111,1o.</span> <span class='ocrx_word' id='word_1_225' title='bbox 479 1642 654 1675; x_wconf 81' lang='lat' dir='ltr'>Valerius</span> <span class='ocrx_word' id='word_1_226' title='bbox 682 1641 745 1682; x_wconf 89' lang='lat' dir='ltr'>IX,</span> <span class='ocrx_word' id='word_1_227' title='bbox 776 1643 820 1675; x_wconf 82' lang='lat'>12</span> <span class='ocrx_word' id='word_1_228' title='bbox 846 1641 948 1673; x_wconf 82' lang='lat' dir='ltr'>hanc</span> <span class='ocrx_word' id='word_1_229' title='bbox 973 1644 1096 1686; x_wconf 86' lang='lat' dir='ltr'>ponit,</span> <span class='ocrx_word' id='word_1_230' title='bbox 1125 1641 1243 1685; x_wconf 86' lang='lat' dir='ltr'>quod,</span> <span class='ocrx_word' id='word_1_231' title='bbox 1272 1652 1359 1673; x_wconf 85' lang='grc'><strong>011111</strong></span> <span class='ocrx_word' id='word_1_232' title='bbox 1391 1652 1443 1674; x_wconf 82' lang='lat' dir='ltr'>ess</span> <span class='ocrx_word' id='word_1_233' title='bbox 1449 1646 1485 1674; x_wconf 86' lang='lat' dir='ltr'>et</span> <span class='ocrx_word' id='word_1_234' title='bbox 1511 1640 1700 1674; x_wconf 85' lang='lat' dir='ltr'>Marcello</span> 
     </span>
    </p>
   </div>
   <div class='ocr_carea' id='block_1_3' title="bbox 230 1666 1702 2596">
    <p class='ocr_par' dir='ltr' id='par_1_3' title="bbox 230 1666 1702 2310">
     <span class='ocr_line' id='line_1_29' title="bbox 234 1666 1700 1737; baseline -0.001 -15"><span class='ocrx_word' id='word_1_235' title='bbox 234 1666 388 1737; x_wconf 79' lang='lat' dir='ltr'>Magius</span> <span class='ocrx_word' id='word_1_236' title='bbox 416 1695 549 1722; x_wconf 82' lang='lat' dir='ltr'>vetere</span> <span class='ocrx_word' id='word_1_237' title='bbox 588 1689 822 1723; x_wconf 84' lang='lat' dir='ltr'>coniunctus</span> <span class='ocrx_word' id='word_1_238' title='bbox 855 1689 1029 1722; x_wconf 82' lang='lat' dir='ltr'>amicitia</span> <span class='ocrx_word' id='word_1_239' title='bbox 1066 1690 1178 1732; x_wconf 81' lang='lat' dir='ltr'>eique</span> <span class='ocrx_word' id='word_1_240' title='bbox 1214 1689 1256 1721; x_wconf 89' lang='lat' dir='ltr'>in</span> <span class='ocrx_word' id='word_1_241' title='bbox 1283 1689 1513 1733; x_wconf 85' lang='lat' dir='ltr'>Pompeiana</span> <span class='ocrx_word' id='word_1_242' title='bbox 1553 1689 1700 1721; x_wconf 83' lang='lat' dir='ltr'>militia</span> 
     </span>
     <span class='ocr_line' id='line_1_30' title="bbox 236 1736 1702 1784; baseline -0.001 -14"><span class='ocrx_word' id='word_1_243' title='bbox 236 1748 367 1770; x_wconf 84' lang='lat' dir='ltr'>comes</span> <span class='ocrx_word' id='word_1_244' title='bbox 394 1736 548 1777; x_wconf 71' lang='lat' dir='ltr'>fuisset,</span> <span class='ocrx_word' id='word_1_245' title='bbox 590 1738 868 1784; x_wconf 78' lang='lat' dir='ltr'>indignaretur</span> <span class='ocrx_word' id='word_1_246' title='bbox 900 1737 1052 1779; x_wconf 79' lang='lat' dir='ltr'>aliquos</span> <span class='ocrx_word' id='word_1_247' title='bbox 1087 1737 1159 1769; x_wconf 84' lang='lat' dir='ltr'>sibi</span> <span class='ocrx_word' id='word_1_248' title='bbox 1196 1737 1411 1770; x_wconf 83' lang='lat' dir='ltr'>amicorum</span> <span class='ocrx_word' id='word_1_249' title='bbox 1447 1737 1490 1768; x_wconf 87' lang='lat' dir='ltr'>ab</span> <span class='ocrx_word' id='word_1_250' title='bbox 1519 1747 1563 1769; x_wconf 86' lang='lat' dir='ltr'>eo</span> <span class='ocrx_word' id='word_1_251' title='bbox 1589 1748 1702 1780; x_wconf 82' lang='lat' dir='ltr'>prae-</span> 
     </span>
     <span class='ocr_line' id='line_1_31' title="bbox 230 1784 1698 1820; baseline -0.002 -1"><span class='ocrx_word' id='word_1_252' title='bbox 230 1784 646 1820; x_wconf 67' lang='lat' dir='ltr'>ferri.MA1vUT.—</span> <span class='ocrx_word' id='word_1_253' title='bbox 674 1789 732 1818; x_wconf 77' lang='lat' dir='ltr'>uti</span> <span class='ocrx_word' id='word_1_254' title='bbox 755 1798 790 1818; x_wconf 77' lang='lat' dir='ltr'>m</span> <span class='ocrx_word' id='word_1_255' title='bbox 795 1787 908 1818; x_wconf 79' lang='lat' dir='ltr'>edzcos</span> <span class='ocrx_word' id='word_1_256' title='bbox 934 1785 1118 1818; x_wconf 75' lang='lat' dir='ltr'>sci1.sibi</span> <span class='ocrx_word' id='word_1_257' title='bbox 1147 1786 1356 1819; x_wconf 77' lang='lat' dir='ltr'>mitterem.</span> <span class='ocrx_word' id='word_1_258' title='bbox 1408 1784 1473 1816; x_wconf 89' lang='lat' dir='ltr'>Sic</span> <span class='ocrx_word' id='word_1_259' title='bbox 1495 1784 1567 1818; x_wconf 79' lang='lat' dir='ltr'>Md.</span> <span class='ocrx_word' id='word_1_260' title='bbox 1593 1784 1698 1818; x_wconf 79' lang='lat' dir='ltr'>vict.</span> 
     </span>
     <span class='ocr_line' id='line_1_32' title="bbox 230 1832 1701 1879; baseline 0 -15"><span class='ocrx_word' id='word_1_261' title='bbox 230 1835 270 1870; x_wconf 78' lang='lat'>2</span> <span class='ocrx_word' id='word_1_262' title='bbox 297 1832 436 1866; x_wconf 88' lang='lat' dir='ltr'>Bened.</span> <span class='ocrx_word' id='word_1_263' title='bbox 466 1833 633 1866; x_wconf 81' lang='lat' dir='ltr'>Videtur</span> <span class='ocrx_word' id='word_1_264' title='bbox 659 1833 898 1879; x_wconf 44' lang='lat' dir='ltr'>§pcczvioyzffla</span> <span class='ocrx_word' id='word_1_265' title='bbox 942 1836 998 1865; x_wconf 71' lang='lat' dir='ltr'>uti</span> <span class='ocrx_word' id='word_1_266' title='bbox 1023 1835 1178 1866; x_wconf 80' lang='lat' dir='ltr'>medicos</span> <span class='ocrx_word' id='word_1_267' title='bbox 1203 1845 1376 1878; x_wconf 80' lang='lat' dir='ltr'>cogerem.</span> <span class='ocrx_word' id='word_1_268' title='bbox 1417 1833 1527 1877; x_wconf 73' lang='lat' dir='ltr'>Coe&#39;gi</span> <span class='ocrx_word' id='word_1_269' title='bbox 1553 1844 1599 1866; x_wconf 90' lang='lat' dir='ltr'>ex</span> <span class='ocrx_word' id='word_1_270' title='bbox 1637 1844 1701 1864; x_wconf 86' lang='lat' dir='ltr'>an-</span> 
     </span>
     <span class='ocr_line' id='line_1_33' title="bbox 233 1880 1702 1935; baseline -0.001 -20"><span class='ocrx_word' id='word_1_271' title='bbox 233 1882 347 1924; x_wconf 63' lang='lat' dir='ltr'>liquo</span> <span class='ocrx_word' id='word_1_272' title='bbox 374 1880 499 1935; x_wconf 87' lang='lat' dir='ltr'>suppl</span> <span class='ocrx_word' id='word_1_273' title='bbox 527 1881 645 1925; x_wconf 87' lang='lat' dir='ltr'>Neap.</span> <span class='ocrx_word' id='word_1_274' title='bbox 673 1885 756 1916; x_wconf 83' lang='lat' dir='ltr'>Asc.</span> <span class='ocrx_word' id='word_1_275' title='bbox 786 1885 815 1916; x_wconf 90' lang='lat'>1.</span> <span class='ocrx_word' id='word_1_276' title='bbox 843 1881 973 1914; x_wconf 82' lang='lat' dir='ltr'>Lamb.</span> <span class='ocrx_word' id='word_1_277' title='bbox 1000 1881 1096 1914; x_wconf 63' lang='grc' dir='ltr'><strong>ΕΓΗ.</strong></span> <span class='ocrx_word' id='word_1_278' title='bbox 1124 1884 1180 1914; x_wconf 78' lang='lat' dir='ltr'>uti</span> <span class='ocrx_word' id='word_1_279' title='bbox 1205 1893 1366 1926; x_wconf 78' lang='lat' dir='ltr'>cogerem</span> <span class='ocrx_word' id='word_1_280' title='bbox 1391 1882 1557 1915; x_wconf 76' lang='lat' dir='ltr'>medicos.</span> <span class='ocrx_word' id='word_1_281' title='bbox 1593 1880 1702 1925; x_wconf 76' lang='lat' dir='ltr'>Coegi</span> 
     </span>
     <span class='ocr_line' id='line_1_34' title="bbox 233 1928 1700 1976; baseline -0.001 -13"><span class='ocrx_word' id='word_1_282' title='bbox 233 1930 367 1963; x_wconf 83' lang='lat' dir='ltr'>:minus</span> <span class='ocrx_word' id='word_1_283' title='bbox 402 1929 520 1962; x_wconf 83' lang='lat' dir='ltr'>etiam</span> <span class='ocrx_word' id='word_1_284' title='bbox 555 1929 816 1972; x_wconf 76' lang='lat' dir='ltr'>probabiliter</span> <span class='ocrx_word' id='word_1_285' title='bbox 851 1930 950 1963; x_wconf 82' lang='lat' dir='ltr'>Crat.</span> <span class='ocrx_word' id='word_1_286' title='bbox 982 1929 1082 1964; x_wconf 79' lang='lat' dir='ltr'>Vict.</span> <span class='ocrx_word' id='word_1_287' title='bbox 1109 1933 1141 1963; x_wconf 91' lang='lat'>1.</span> <span class='ocrx_word' id='word_1_288' title='bbox 1181 1929 1319 1963; x_wconf 87' lang='lat' dir='ltr'>Graev.</span> <span class='ocrx_word' id='word_1_289' title='bbox 1347 1930 1481 1963; x_wconf 80' lang='lat' dir='ltr'>Mart.-</span> <span class='ocrx_word' id='word_1_290' title='bbox 1465 1929 1583 1976; x_wconf 82' lang='lat' dir='ltr'>-.Lag</span> <span class='ocrx_word' id='word_1_291' title='bbox 1610 1928 1700 1964; x_wconf 86' lang='lat' dir='ltr'>Sch.</span> 
     </span>
     <span class='ocr_line' id='line_1_35' title="bbox 234 1976 1699 2023; baseline -0.001 -11"><span class='ocrx_word' id='word_1_292' title='bbox 234 1978 334 2012; x_wconf 82' lang='lat' dir='ltr'>Liin.</span> <span class='ocrx_word' id='word_1_293' title='bbox 360 1982 521 2021; x_wconf 72' lang='lat' dir='ltr'>rogaret,</span> <span class='ocrx_word' id='word_1_294' title='bbox 550 1976 641 2020; x_wconf 77' lang='lat' dir='ltr'>[uti]</span> <span class='ocrx_word' id='word_1_295' title='bbox 669 1979 822 2011; x_wconf 63' lang='lat' dir='ltr'>medicos</span> <span class='ocrx_word' id='word_1_296' title='bbox 851 1977 965 2021; x_wconf 79' lang='lat' dir='ltr'>[cogi]</span> <span class='ocrx_word' id='word_1_297' title='bbox 993 1980 1102 2023; x_wconf 51' lang='lat' dir='ltr'>coegi.</span> <span class='ocrx_word' id='word_1_298' title='bbox 1129 1977 1196 2012; x_wconf 85' lang='lat' dir='ltr'>W.</span> <span class='ocrx_word' id='word_1_299' title='bbox 1230 1978 1301 2011; x_wconf 89' lang='lat' dir='ltr'>OR.</span> <span class='ocrx_word' id='word_1_300' title='bbox 1319 1997 1362 2001; x_wconf 97' lang='lat'><strong>—</strong></span> <span class='ocrx_word' id='word_1_301' title='bbox 1385 1977 1493 2022; x_wconf 76' lang='lat' dir='ltr'>Coe&#39;gi</span> <span class='ocrx_word' id='word_1_302' title='bbox 1518 1977 1699 2018; x_wconf 81' lang='lat' dir='ltr'>medicos,</span> 
     </span>
     <span class='ocr_line' id='line_1_36' title="bbox 236 2024 1697 2071; baseline 0 -12"><span class='ocrx_word' id='word_1_303' title='bbox 236 2025 303 2059; x_wconf 81' lang='lat' dir='ltr'>ich</span> <span class='ocrx_word' id='word_1_304' title='bbox 328 2025 429 2058; x_wconf 84' lang='lat' dir='ltr'>trieb</span> <span class='ocrx_word' id='word_1_305' title='bbox 445 2026 585 2058; x_wconf 87' lang='lat' dir='ltr'>Aerzte</span> <span class='ocrx_word' id='word_1_306' title='bbox 612 2026 686 2059; x_wconf 79' lang='lat' dir='ltr'>auf.</span> <span class='ocrx_word' id='word_1_307' title='bbox 711 2045 752 2051; x_wconf 96' lang='lat'><strong>—</strong></span> <span class='ocrx_word' id='word_1_308' title='bbox 788 2024 977 2071; x_wconf 74' lang='lat' dir='ltr'>profectus</span> <span class='ocrx_word' id='word_1_309' title='bbox 1003 2037 1091 2058; x_wconf 86' lang='lat' dir='ltr'>cum</span> <span class='ocrx_word' id='word_1_310' title='bbox 1120 2025 1293 2058; x_wconf 84' lang='lat' dir='ltr'>medicis.</span> <span class='ocrx_word' id='word_1_311' title='bbox 1322 2044 1369 2050; x_wconf 91' lang='lat'>—-</span> <span class='ocrx_word' id='word_1_312' title='bbox 1402 2026 1560 2059; x_wconf 75' lang='lat' dir='ltr'>Acidini.</span> <span class='ocrx_word' id='word_1_313' title='bbox 1587 2024 1622 2059; x_wconf 89' lang='lat' dir='ltr'>S.</span> <span class='ocrx_word' id='word_1_314' title='bbox 1640 2036 1697 2068; x_wconf 81' lang='lat' dir='ltr'>ep.</span> 
     </span>
     <span class='ocr_line' id='line_1_37' title="bbox 235 2071 1701 2120; baseline -0.001 -12"><span class='ocrx_word' id='word_1_315' title='bbox 235 2074 314 2114; x_wconf 76' lang='lat' dir='ltr'>DL,</span> <span class='ocrx_word' id='word_1_316' title='bbox 343 2074 377 2106; x_wconf 86' lang='lat'>2.</span> <span class='ocrx_word' id='word_1_317' title='bbox 428 2071 501 2106; x_wconf 88' lang='lat' dir='ltr'>Sed</span> <span class='ocrx_word' id='word_1_318' title='bbox 526 2072 593 2105; x_wconf 88' lang='lat' dir='ltr'>hic</span> <span class='ocrx_word' id='word_1_319' title='bbox 619 2073 788 2117; x_wconf 88' lang='lat' dir='ltr'>Sulpicii</span> <span class='ocrx_word' id='word_1_320' title='bbox 816 2075 964 2120; x_wconf 81' lang='lat' dir='ltr'>legatus</span> <span class='ocrx_word' id='word_1_321' title='bbox 991 2074 1031 2106; x_wconf 89' lang='lat' dir='ltr'>in</span> <span class='ocrx_word' id='word_1_322' title='bbox 1062 2072 1201 2106; x_wconf 81' lang='lat' dir='ltr'>Achaia</span> <span class='ocrx_word' id='word_1_323' title='bbox 1228 2073 1343 2106; x_wconf 84' lang='lat' dir='ltr'>fuisse</span> <span class='ocrx_word' id='word_1_324' title='bbox 1369 2073 1537 2107; x_wconf 80' lang='lat' dir='ltr'>videtur.</span> <span class='ocrx_word' id='word_1_325' title='bbox 1566 2091 1611 2097; x_wconf 90' lang='lat'>—-</span> <span class='ocrx_word' id='word_1_326' title='bbox 1643 2073 1701 2106; x_wconf 80' lang='lat' dir='ltr'>de-</span> 
     </span>
     <span class='ocr_line' id='line_1_38' title="bbox 235 2120 1699 2168; baseline -0.001 -15"><span class='ocrx_word' id='word_1_327' title='bbox 235 2123 402 2154; x_wconf 73' lang='lat' dir='ltr'>terrimo.</span> <span class='ocrx_word' id='word_1_328' title='bbox 454 2120 518 2154; x_wconf 90' lang='lat' dir='ltr'>Sic</span> <span class='ocrx_word' id='word_1_329' title='bbox 545 2121 646 2154; x_wconf 86' lang='lat' dir='ltr'>Crat.</span> <span class='ocrx_word' id='word_1_330' title='bbox 673 2122 772 2154; x_wconf 86' lang='lat' dir='ltr'>Vict.</span> <span class='ocrx_word' id='word_1_331' title='bbox 802 2125 832 2155; x_wconf 89' lang='lat'>1.</span> <span class='ocrx_word' id='word_1_332' title='bbox 862 2122 1001 2155; x_wconf 83' lang='lat' dir='ltr'>Graev.</span> <span class='ocrx_word' id='word_1_333' title='bbox 1038 2120 1180 2154; x_wconf 83' lang='lat' dir='ltr'>Bened.</span> <span class='ocrx_word' id='word_1_334' title='bbox 1212 2124 1400 2154; x_wconf 62' lang='lat' dir='ltr'>testrrimo</span> <span class='ocrx_word' id='word_1_335' title='bbox 1434 2121 1567 2168; x_wconf 75' lang='lat' dir='ltr'>Margo</span> <span class='ocrx_word' id='word_1_336' title='bbox 1596 2120 1699 2154; x_wconf 76' lang='lat' dir='ltr'>Crat.</span> 
     </span>
     <span class='ocr_line' id='line_1_39' title="bbox 241 2168 1698 2217; baseline -0.001 -14"><span class='ocrx_word' id='word_1_337' title='bbox 241 2169 341 2203; x_wconf 78' lang='lat' dir='ltr'>vict.</span> <span class='ocrx_word' id='word_1_338' title='bbox 368 2170 401 2203; x_wconf 86' lang='lat'>2.</span> <span class='ocrx_word' id='word_1_339' title='bbox 436 2168 567 2201; x_wconf 87' lang='lat' dir='ltr'>Lamb.</span> <span class='ocrx_word' id='word_1_340' title='bbox 606 2169 702 2202; x_wconf 82' lang='lat' dir='ltr'>Ern.</span> <span class='ocrx_word' id='word_1_341' title='bbox 736 2170 873 2203; x_wconf 83' lang='lat' dir='ltr'>Mart.-</span> <span class='ocrx_word' id='word_1_342' title='bbox 886 2169 973 2217; x_wconf 78' lang='lat' dir='ltr'>Lag.</span> <span class='ocrx_word' id='word_1_343' title='bbox 1012 2168 1098 2203; x_wconf 89' lang='lat' dir='ltr'>Sch.</span> <span class='ocrx_word' id='word_1_344' title='bbox 1135 2169 1232 2202; x_wconf 84' lang='lat' dir='ltr'>Liin.</span> <span class='ocrx_word' id='word_1_345' title='bbox 1271 2169 1365 2203; x_wconf 83' lang='lat' dir='ltr'>Scil.</span> <span class='ocrx_word' id='word_1_346' title='bbox 1401 2176 1585 2213; x_wconf 85' lang='lat' dir='ltr'>corrupte</span> <span class='ocrx_word' id='word_1_347' title='bbox 1621 2168 1698 2201; x_wconf 84' lang='lat' dir='ltr'>Md.</span> 
     </span>
     <span class='ocr_line' id='line_1_40' title="bbox 235 2216 1699 2264; baseline -0.001 -14"><span class='ocrx_word' id='word_1_348' title='bbox 235 2217 381 2251; x_wconf 65' lang='lat' dir='ltr'>defer-ro</span> <span class='ocrx_word' id='word_1_349' title='bbox 412 2216 634 2251; x_wconf 77' lang='lat' dir='ltr'>modacerhis</span> <span class='ocrx_word' id='word_1_350' title='bbox 665 2230 778 2251; x_wconf 73' lang='lat' dir='ltr'>sztm‘z.</span> <span class='ocrx_word' id='word_1_351' title='bbox 836 2218 908 2252; x_wconf 89' lang='lat' dir='ltr'>OR.</span> <span class='ocrx_word' id='word_1_352' title='bbox 935 2236 981 2242; x_wconf 91' lang='lat'>—</span> <span class='ocrx_word' id='word_1_353' title='bbox 1015 2220 1078 2263; x_wconf 77' lang='lat' dir='ltr'>qui</span> <span class='ocrx_word' id='word_1_354' title='bbox 1103 2220 1145 2250; x_wconf 77' lang='grc' dir='ltr'>εἰ.</span> <span class='ocrx_word' id='word_1_355' title='bbox 1175 2217 1246 2251; x_wconf 88' lang='lat' dir='ltr'>del.</span> <span class='ocrx_word' id='word_1_356' title='bbox 1274 2221 1307 2251; x_wconf 84' lang='lat' dir='ltr'>ei</span> <span class='ocrx_word' id='word_1_357' title='bbox 1331 2218 1427 2254; x_wconf 84' lang='lat' dir='ltr'>Ern.</span> <span class='ocrx_word' id='word_1_358' title='bbox 1454 2217 1598 2250; x_wconf 84' lang='lat' dir='ltr'>Mart.-</span> <span class='ocrx_word' id='word_1_359' title='bbox 1581 2216 1699 2264; x_wconf 84' lang='lat' dir='ltr'>-Lag.</span> 
     </span>
     <span class='ocr_line' id='line_1_41' title="bbox 235 2263 1183 2310; baseline -0.002 -11"><span class='ocrx_word' id='word_1_360' title='bbox 235 2264 327 2299; x_wconf 82' lang='lat' dir='ltr'>Sch.</span> <span class='ocrx_word' id='word_1_361' title='bbox 357 2266 456 2297; x_wconf 81' lang='lat' dir='ltr'>Liin.</span> <span class='ocrx_word' id='word_1_362' title='bbox 511 2263 584 2298; x_wconf 85' lang='lat' dir='ltr'>Sed</span> <span class='ocrx_word' id='word_1_363' title='bbox 611 2267 682 2300; x_wconf 87' lang='lat' dir='ltr'>cfr.</span> <span class='ocrx_word' id='word_1_364' title='bbox 712 2266 829 2298; x_wconf 85' lang='lat' dir='ltr'>finem</span> <span class='ocrx_word' id='word_1_365' title='bbox 858 2265 1052 2310; x_wconf 81' lang='lat' dir='ltr'>epistolae.</span> <span class='ocrx_word' id='word_1_366' title='bbox 1110 2266 1183 2298; x_wconf 79' lang='grc' dir='ltr'>ΟΒ.</span> 
     </span>
    </p>

    <p class='ocr_par' dir='ltr' id='par_1_4' title="bbox 236 2312 1701 2596">
     <span class='ocr_line' id='line_1_42' title="bbox 335 2312 1697 2358; baseline 0 -13"><span class='ocrx_word' id='word_1_367' title='bbox 335 2315 368 2347; x_wconf 89' lang='grc'>3.</span> <span class='ocrx_word' id='word_1_368' title='bbox 396 2313 446 2345; x_wconf 72' lang='lat' dir='ltr'>ad</span> <span class='ocrx_word' id='word_1_369' title='bbox 463 2314 602 2347; x_wconf 73' lang='lat' dir='ltr'>tabern.</span> <span class='ocrx_word' id='word_1_370' title='bbox 620 2327 661 2347; x_wconf 83' lang='lat' dir='ltr'>ez.</span> <span class='ocrx_word' id='word_1_371' title='bbox 691 2314 867 2346; x_wconf 84' lang='lat' dir='ltr'>Piraeeus</span> <span class='ocrx_word' id='word_1_372' title='bbox 885 2314 1028 2347; x_wconf 84' lang='lat' dir='ltr'>damals</span> <span class='ocrx_word' id='word_1_373' title='bbox 1044 2314 1108 2346; x_wconf 90' lang='lat' dir='ltr'>ein</span> <span class='ocrx_word' id='word_1_374' title='bbox 1124 2312 1378 2347; x_wconf 81' lang='lat' dir='ltr'>Steinhaufen</span> <span class='ocrx_word' id='word_1_375' title='bbox 1400 2313 1443 2356; x_wconf 85' lang='lat' dir='ltr'>(s.</span> <span class='ocrx_word' id='word_1_376' title='bbox 1459 2325 1518 2358; x_wconf 87' lang='lat' dir='ltr'>ep.</span> <span class='ocrx_word' id='word_1_377' title='bbox 1536 2312 1697 2354; x_wconf 78' lang='lat' dir='ltr'>DLVII,</span> 
     </span>
     <span class='ocr_line' id='line_1_43' title="bbox 236 2360 1700 2408; baseline -0.001 -14"><span class='ocrx_word' id='word_1_378' title='bbox 236 2360 304 2404; x_wconf 73' lang='grc'><strong>4.).</strong></span> <span class='ocrx_word' id='word_1_379' title='bbox 354 2360 456 2395; x_wconf 61' lang='grc' dir='ltr'>’ΠῘΘΓ</span> <span class='ocrx_word' id='word_1_380' title='bbox 482 2360 559 2394; x_wconf 79' lang='lat' dir='ltr'>also</span> <span class='ocrx_word' id='word_1_381' title='bbox 587 2373 646 2393; x_wconf 78' lang='lat' dir='ltr'>ain</span> <span class='ocrx_word' id='word_1_382' title='bbox 675 2361 885 2408; x_wconf 81' lang='lat' dir='ltr'>folgenden</span> <span class='ocrx_word' id='word_1_383' title='bbox 907 2363 1067 2408; x_wconf 81' lang='lat' dir='ltr'>Morgen</span> <span class='ocrx_word' id='word_1_384' title='bbox 1094 2372 1171 2394; x_wconf 89' lang='lat' dir='ltr'>von</span> <span class='ocrx_word' id='word_1_385' title='bbox 1188 2360 1316 2393; x_wconf 82' lang='lat' dir='ltr'>Athen</span> <span class='ocrx_word' id='word_1_386' title='bbox 1345 2373 1416 2393; x_wconf 86' lang='lat' dir='ltr'>zur</span> <span class='ocrx_word' id='word_1_387' title='bbox 1430 2360 1500 2394; x_wconf 86' lang='lat' dir='ltr'>See</span> <span class='ocrx_word' id='word_1_388' title='bbox 1526 2361 1700 2394; x_wconf 87' lang='lat' dir='ltr'>abreisen</span> 
     </span>
     <span class='ocr_line' id='line_1_44' title="bbox 236 2408 1698 2450; baseline 0 -8"><span class='ocrx_word' id='word_1_389' title='bbox 236 2408 395 2450; x_wconf 75' lang='lat' dir='ltr'>woute,</span> <span class='ocrx_word' id='word_1_390' title='bbox 437 2415 578 2442; x_wconf 82' lang='lat' dir='ltr'>musste</span> <span class='ocrx_word' id='word_1_391' title='bbox 618 2409 821 2443; x_wconf 82' lang='lat' dir='ltr'>entweder</span> <span class='ocrx_word' id='word_1_392' title='bbox 855 2409 916 2442; x_wconf 90' lang='lat' dir='ltr'>die</span> <span class='ocrx_word' id='word_1_393' title='bbox 943 2408 1073 2442; x_wconf 87' lang='lat' dir='ltr'>Nacht</span> <span class='ocrx_word' id='word_1_394' title='bbox 1109 2420 1169 2441; x_wconf 87' lang='lat' dir='ltr'>am</span> <span class='ocrx_word' id='word_1_395' title='bbox 1197 2408 1319 2441; x_wconf 89' lang='lat' dir='ltr'>Borde</span> <span class='ocrx_word' id='word_1_396' title='bbox 1357 2409 1450 2442; x_wconf 85' lang='lat' dir='ltr'>oder</span> <span class='ocrx_word' id='word_1_397' title='bbox 1494 2421 1541 2441; x_wconf 89' lang='lat' dir='ltr'>zu</span> <span class='ocrx_word' id='word_1_398' title='bbox 1569 2408 1698 2442; x_wconf 80' lang='lat' dir='ltr'>Lande</span> 
     </span>
     <span class='ocr_line' id='line_1_45' title="bbox 236 2456 1701 2503; baseline 0.001 -13"><span class='ocrx_word' id='word_1_399' title='bbox 236 2465 359 2490; x_wconf 84' lang='lat' dir='ltr'>unter</span> <span class='ocrx_word' id='word_1_400' title='bbox 394 2456 521 2490; x_wconf 89' lang='lat' dir='ltr'>einem</span> <span class='ocrx_word' id='word_1_401' title='bbox 549 2457 687 2490; x_wconf 85' lang='lat' dir='ltr'>Gezelt</span> <span class='ocrx_word' id='word_1_402' title='bbox 722 2457 951 2503; x_wconf 77' lang='lat' dir='ltr'>zubringen.</span> <span class='ocrx_word' id='word_1_403' title='bbox 980 2475 1018 2481; x_wconf 92' lang='lat'><strong>—</strong></span> <span class='ocrx_word' id='word_1_404' title='bbox 1050 2460 1087 2490; x_wconf 81' lang='lat' dir='ltr'>in</span> <span class='ocrx_word' id='word_1_405' title='bbox 1115 2458 1236 2490; x_wconf 76' lang='lat' dir='ltr'>eadem</span> <span class='ocrx_word' id='word_1_406' title='bbox 1263 2458 1343 2490; x_wconf 72' lang='lat' dir='ltr'>illa.</span> <span class='ocrx_word' id='word_1_407' title='bbox 1371 2457 1446 2490; x_wconf 86' lang='lat' dir='ltr'>del.</span> <span class='ocrx_word' id='word_1_408' title='bbox 1475 2458 1541 2490; x_wconf 74' lang='lat' dir='ltr'>illa</span> <span class='ocrx_word' id='word_1_409' title='bbox 1568 2456 1701 2491; x_wconf 80' lang='lat' dir='ltr'>Mart.-</span> 
     </span>
     <span class='ocr_line' id='line_1_46' title="bbox 237 2503 1701 2552; baseline -0.001 -14"><span class='ocrx_word' id='word_1_410' title='bbox 237 2506 330 2552; x_wconf 82' lang='lat' dir='ltr'>Lag.</span> <span class='ocrx_word' id='word_1_411' title='bbox 358 2505 454 2539; x_wconf 76' lang='lat' dir='ltr'>Liin.</span> <span class='ocrx_word' id='word_1_412' title='bbox 475 2522 521 2528; x_wconf 91' lang='lat'>—-</span> <span class='ocrx_word' id='word_1_413' title='bbox 547 2509 713 2551; x_wconf 74' lang='lat' dir='ltr'>meisque,</span> <span class='ocrx_word' id='word_1_414' title='bbox 742 2505 851 2539; x_wconf 83' lang='lat' dir='ltr'>Mart.</span> <span class='ocrx_word' id='word_1_415' title='bbox 855 2506 954 2550; x_wconf 62' lang='lat' dir='ltr'>—Lag</span> <span class='ocrx_word' id='word_1_416' title='bbox 958 2504 1083 2541; x_wconf 81' lang='lat' dir='ltr'>,Sch.</span> <span class='ocrx_word' id='word_1_417' title='bbox 1111 2506 1207 2540; x_wconf 82' lang='lat' dir='ltr'>Liin.</span> <span class='ocrx_word' id='word_1_418' title='bbox 1234 2508 1334 2539; x_wconf 81' lang='lat' dir='ltr'>meis.</span> <span class='ocrx_word' id='word_1_419' title='bbox 1383 2504 1513 2538; x_wconf 78' lang='lat' dir='ltr'>Ueber</span> <span class='ocrx_word' id='word_1_420' title='bbox 1538 2504 1607 2538; x_wconf 84' lang='lat' dir='ltr'>den</span> <span class='ocrx_word' id='word_1_421' title='bbox 1626 2503 1701 2536; x_wconf 86' lang='lat' dir='ltr'>Ab·</span> 
     </span>
     <span class='ocr_line' id='line_1_47' title="bbox 237 2517 1700 2596; baseline 0 -11"><span class='ocrx_word' id='word_1_422' title='bbox 237 2552 305 2586; x_wconf 79' lang='lat' dir='ltr'>lat.</span> <span class='ocrx_word' id='word_1_423' title='bbox 336 2553 602 2595; x_wconf 83' lang='lat' dir='ltr'>instrumenti,</span> <span class='ocrx_word' id='word_1_424' title='bbox 630 2563 705 2586; x_wconf 90' lang='lat' dir='ltr'>von</span> <span class='ocrx_word' id='word_1_425' title='bbox 733 2517 954 2593; x_wconf 53' lang='lat' dir='ltr'>Per-soneng}</span> <span class='ocrx_word' id='word_1_426' title='bbox 967 2565 991 2588; x_wconf 89' lang='grc'>5.</span> <span class='ocrx_word' id='word_1_427' title='bbox 1018 2553 1170 2586; x_wconf 87' lang='lat' dir='ltr'>Ramsh.</span> <span class='ocrx_word' id='word_1_428' title='bbox 1197 2553 1223 2596; x_wconf 86' lang='lat'>§.</span> <span class='ocrx_word' id='word_1_429' title='bbox 1252 2555 1331 2592; x_wconf 68' lang='lat'>141,</span> <span class='ocrx_word' id='word_1_430' title='bbox 1361 2553 1449 2586; x_wconf 82' lang='lat' dir='ltr'>Not.</span> <span class='ocrx_word' id='word_1_431' title='bbox 1480 2556 1509 2587; x_wconf 86' lang='lat'>1.</span> <span class='ocrx_word' id='word_1_432' title='bbox 1552 2552 1700 2586; x_wconf 76' lang='lat' dir='ltr'>Grotef.</span> 
     </span>
    </p>
   </div>
   <div class='ocr_carea' id='block_1_4' title="bbox 236 2599 1702 2744">
    <p class='ocr_par' dir='ltr' id='par_1_5' title="bbox 236 2599 1702 2740">
     <span class='ocr_line' id='line_1_48' title="bbox 238 2599 1700 2648; baseline -0.001 -15"><span class='ocrx_word' id='word_1_433' title='bbox 238 2603 270 2643; x_wconf 86' lang='lat'>5.</span> <span class='ocrx_word' id='word_1_434' title='bbox 297 2602 341 2633; x_wconf 64' lang='lat'>25*</span> <span class='ocrx_word' id='word_1_435' title='bbox 328 2603 378 2635; x_wconf 72' lang='lat' dir='ltr'>J.5</span> <span class='ocrx_word' id='word_1_436' title='bbox 408 2601 521 2636; x_wconf 79' lang='lat' dir='ltr'>Anm.</span> <span class='ocrx_word' id='word_1_437' title='bbox 618 2619 663 2625; x_wconf 88' lang='lat'>-—</span> <span class='ocrx_word' id='word_1_438' title='bbox 699 2612 766 2646; x_wconf 80' lang='lat' dir='ltr'>pro</span> <span class='ocrx_word' id='word_1_439' title='bbox 794 2614 835 2634; x_wconf 78' lang='lat' dir='ltr'>ea</span> <span class='ocrx_word' id='word_1_440' title='bbox 862 2603 989 2645; x_wconf 79' lang='lat' dir='ltr'>copia,</span> <span class='ocrx_word' id='word_1_441' title='bbox 1032 2613 1123 2645; x_wconf 74' lang='lat' dir='ltr'>quae</span> <span class='ocrx_word' id='word_1_442' title='bbox 1147 2602 1449 2641; x_wconf 72' lang='lat' dir='ltr'>Ath.e1=at‚so</span> <span class='ocrx_word' id='word_1_443' title='bbox 1485 2607 1554 2648; x_wconf 83' lang='lat' dir='ltr'>gut</span> <span class='ocrx_word' id='word_1_444' title='bbox 1586 2611 1622 2633; x_wconf 86' lang='lat' dir='ltr'>es</span> <span class='ocrx_word' id='word_1_445' title='bbox 1658 2599 1700 2631; x_wconf 88' lang='lat' dir='ltr'>in</span> 
     </span>
     <span class='ocr_line' id='line_1_49' title="bbox 236 2627 1699 2694; baseline 0.001 -13"><span class='ocrx_word' id='word_1_446' title='bbox 236 2649 368 2681; x_wconf 67' lang='lat' dir='ltr'>Amen</span> <span class='ocrx_word' id='word_1_447' title='bbox 406 2647 583 2694; x_wconf 52' lang='grc' dir='ltr'><strong>πηός-11011</strong></span> <span class='ocrx_word' id='word_1_448' title='bbox 609 2660 702 2684; x_wconf 84' lang='lat' dir='ltr'>war.</span> <span class='ocrx_word' id='word_1_449' title='bbox 729 2666 775 2672; x_wconf 95' lang='lat'><strong>—</strong></span> <span class='ocrx_word' id='word_1_450' title='bbox 806 2648 888 2692; x_wconf 74' lang='lat' dir='ltr'>sac.</span> <span class='ocrx_word' id='word_1_451' title='bbox 916 2652 1052 2683; x_wconf 78' lang='lat' dir='ltr'>emavi.</span> <span class='ocrx_word' id='word_1_452' title='bbox 1104 2648 1139 2682; x_wconf 90' lang='lat' dir='ltr'>S.</span> <span class='ocrx_word' id='word_1_453' title='bbox 1170 2648 1322 2682; x_wconf 82' lang='lat' dir='ltr'>Ramsh.</span> <span class='ocrx_word' id='word_1_454' title='bbox 1351 2627 1380 2689; x_wconf 95' lang='lat'>5.</span> <span class='ocrx_word' id='word_1_455' title='bbox 1409 2649 1566 2687; x_wconf 84' lang='lat'>171,11‚</span> <span class='ocrx_word' id='word_1_456' title='bbox 1597 2652 1640 2687; x_wconf 82' lang='grc' dir='ltr'>Α,</span> <span class='ocrx_word' id='word_1_457' title='bbox 1667 2649 1699 2682; x_wconf 85' lang='grc'>2.</span> 
     </span>
     <span class='ocr_line' id='line_1_50' title="bbox 237 2679 1702 2744; baseline -0.001 -15"><span class='ocrx_word' id='word_1_458' title='bbox 237 2695 388 2731; x_wconf 78' lang='lat' dir='ltr'>Groref</span> <span class='ocrx_word' id='word_1_459' title='bbox 415 2698 442 2740; x_wconf 61' lang='grc' dir='ltr'>ξ.</span> <span class='ocrx_word' id='word_1_460' title='bbox 471 2679 614 2734; x_wconf 81' lang='grc'><strong>323,1).</strong></span> <span class='ocrx_word' id='word_1_461' title='bbox 645 2716 687 2721; x_wconf 89' lang='lat'><strong>—</strong></span> <span class='ocrx_word' id='word_1_462' title='bbox 730 2698 795 2730; x_wconf 81' lang='lat' dir='ltr'>uti.</span> <span class='ocrx_word' id='word_1_463' title='bbox 825 2696 927 2730; x_wconf 79' lang='lat' dir='ltr'>Crat.</span> <span class='ocrx_word' id='word_1_464' title='bbox 957 2697 1062 2731; x_wconf 76' lang='lat' dir='ltr'>vict.</span> <span class='ocrx_word' id='word_1_465' title='bbox 1093 2700 1124 2730; x_wconf 84' lang='lat'>1.</span> <span class='ocrx_word' id='word_1_466' title='bbox 1150 2697 1264 2730; x_wconf 80' lang='lat' dir='ltr'>Mart.</span> <span class='ocrx_word' id='word_1_467' title='bbox 1279 2698 1335 2729; x_wconf 93' lang='lat'>-1</span> <span class='ocrx_word' id='word_1_468' title='bbox 1339 2709 1394 2744; x_wconf 79' lang='lat' dir='ltr'>ao·</span> <span class='ocrx_word' id='word_1_469' title='bbox 1423 2696 1508 2730; x_wconf 85' lang='lat' dir='ltr'>Sch.</span> <span class='ocrx_word' id='word_1_470' title='bbox 1539 2695 1633 2728; x_wconf 77' lang='lat' dir='ltr'>Liin.</span> <span class='ocrx_word' id='word_1_471' title='bbox 1663 2700 1702 2728; x_wconf 82' lang='lat' dir='ltr'>ut</span> 
     </span>
    </p>
   </div>
   <div class='ocr_carea' id='block_1_5' title="bbox 236 2735 1703 2790">
    <p class='ocr_par' dir='ltr' id='par_1_6' title="bbox 236 2735 1703 2790">
     <span class='ocr_line' id='line_1_51' title="bbox 236 2735 1703 2790; baseline 0 -14"><span class='ocrx_word' id='word_1_472' title='bbox 236 2751 376 2777; x_wconf 76' lang='lat' dir='ltr'>contra</span> <span class='ocrx_word' id='word_1_473' title='bbox 402 2744 480 2779; x_wconf 84' lang='lat' dir='ltr'>Md.</span> <span class='ocrx_word' id='word_1_474' title='bbox 513 2735 585 2778; x_wconf 82' lang='lat' dir='ltr'>O&#39;R.</span> <span class='ocrx_word' id='word_1_475' title='bbox 615 2764 656 2771; x_wconf 94' lang='lat'><em>—</em></span> <span class='ocrx_word' id='word_1_476' title='bbox 687 2748 879 2790; x_wconf 74' lang='lat' dir='ltr'>gymnasio</span> <span class='ocrx_word' id='word_1_477' title='bbox 908 2751 1017 2780; x_wconf 80' lang='lat' dir='ltr'>extra</span> <span class='ocrx_word' id='word_1_478' title='bbox 1041 2745 1190 2780; x_wconf 85' lang='lat' dir='ltr'>urbem.</span> <span class='ocrx_word' id='word_1_479' title='bbox 1242 2745 1387 2778; x_wconf 79' lang='lat' dir='ltr'>Na’chst</span> <span class='ocrx_word' id='word_1_480' title='bbox 1413 2744 1488 2778; x_wconf 82' lang='lat' dir='ltr'>den</span> <span class='ocrx_word' id='word_1_481' title='bbox 1513 2743 1703 2788; x_wconf 71' lang='lat' dir='ltr'>Tempeln</span> 
     </span>
    </p>
   </div>
   <div class='ocr_carea' id='block_1_6' title="bbox 1765 0 1795 3081">
    <p class='ocr_par' dir='ltr' id='par_1_7' title="bbox 1765 0 1795 3081">
     <span class='ocr_line' id='line_1_52' title="bbox 1765 0 1795 3081; baseline 0 0"><span class='ocrx_word' id='word_1_482' title='bbox 1765 0 1795 3081; x_wconf 95' lang='lat' dir='ltr'> </span> 
     </span>
    </p>
   </div>
  </div>
 </body>
</html>
