1795 3081
215 99 311 144 116
461 96 526 142 Μ.
564 95 615 141 Τ.
655 91 994 141 CICERONIS
1032 90 1412 140 EPISTOLAE.

215 218 453 265 rissimum,
495 227 564 252 me
603 213 670 251 his
701 214 974 266 temporibus
1004 211 1146 251 adhuc
1177 211 1230 250 de
1259 211 1344 250 isto
1376 223 1455 263 pei
1459 210 1577 249 iculo
1607 211 1675 248 ni-

215 272 281 310 hil
314 270 496 310 audisse.
556 267 627 306 Tu
657 274 801 307 tamen
831 282 913 320 pro
946 275 1020 307 tua
1050 268 1266 320 sapientia
1306 265 1483 304 debebis
1522 271 1676 317 optare

217 328 396 380 optima,
429 325 625 381 cogitare
656 323 937 374 difficillima,
969 325 1088 362 ferre
1119 333 1402 374 quaeeunque
1432 326 1575 359 erunt.

338 486 658 536 EPISTOLA
696 484 996 534 CCCCLVI.
1074 484 1157 542 (ad
1191 484 1303 532 Div,
1342 484 1424 530 IX.
1461 485 1560 542 20.)

373 575 454 610 sor.
482 575 621 609 Romae
649 585 777 607 mense
804 573 941 607 sextili
968 573 1006 607 A.
1036 573 1080 609 U.
1110 573 1149 607 c,
1177 575 1257 608 708.
1303 575 1349 612 (a.
1380 572 1419 606 c,
1446 573 1523 614 46.)

215 649 367 682 locatur
392 658 430 680 se
455 646 692 690 Epicureum
719 647 875 685 factum,
911 645 1054 678 abiecta
1090 644 1145 677 rei
1172 643 1347 687 publicae
1381 655 1485 684 cura,
1514 643 1677 686 ideoque

214 697 367 737 lautius,
395 705 509 738 quem
536 700 656 735 antea,
684 691 952 736 accipiendum
983 705 1071 726 esse.
1106 691 1253 726 Deinde
1280 692 1445 725 rationes
1471 702 1559 725 suae
1578 691 1677 724 vitae

620 747 657 775 et
683 741 897 774 studiorum
924 740 1140 785 perscribit.
1177 742 1278 774 1—3.

764 812 941 846 CICERO
970 811 1139 845 PAETO.

324 886 578 939 Dupliciter
608 884 849 924 delectatus
880 897 975 922 sum
1014 885 1103 923 tuis
1143 883 1304 932 literis,
1345 889 1389 921 et
1428 882 1544 935 quod
1585 884 1677 935 ipse

216 943 298 982 risi
328 948 372 981 et
401 940 517 994 quod
548 946 590 979 te
619 940 820 978 intellexi
859 941 946 978 iarn
981 951 1107 992 posse
1146 937 1307 977 ridere.
1367 937 1443 976 Me
1476 944 1622 977 autem
1652 951 1678 975 a

215 1005 275 1048 te,
303 1003 354 1036 ut
377 1008 576 1036 scuriam
602 996 796 1058 velitem,
828 995 956 1032 malis
988 1000 1219 1033 oneiatum
1238 1006 1343 1043 esse,
1375 1005 1463 1030 non
1493 993 1677 1031 moleste

214 1028 313 1093 tuli.
371 1050 488 1090 Illud
511 1050 655 1100 doleo,
687 1051 732 1088 in
762 1051 846 1088 ista
875 1050 974 1088 loca
996 1051 1151 1088 venile
1169 1061 1251 1098 me,
1276 1054 1326 1086 ut
1346 1050 1675 1098 constitueram,

215 1121 303 1147 non
334 1108 550 1160 potuisse:
583 1106 807 1145 habuisses
838 1107 954 1144 enim
974 1118 1062 1143 non
1083 1105 1314 1157 hospitem,
1346 1102 1420 1142 sed
1442 1103 1676 1142 contuber-

216 1163 372 1202 nalem.
430 1161 489 1200 At
518 1174 646 1214 quem
675 1161 856 1199 vnum?
897 1160 1000 1200 Non
1039 1173 1151 1210 eum,
1187 1172 1316 1211 quem
1352 1165 1402 1197 tu
1438 1172 1482 1197 es
1520 1158 1677 1197 solitus

216 1216 487 1282 promulside
522 1216 752 1255 conficere.
811 1215 1034 1269 Integram
1065 1217 1224 1253 samem
1255 1213 1309 1252 ad
1347 1227 1478 1253 ovum
1514 1215 1672 1252 affero:

215 1275 365 1324 itaque
393 1285 531 1323 usque
561 1270 615 1309 ad
645 1284 787 1309 assum
816 1271 1057 1310 vitulinum
1088 1283 1222 1323 opera
1252 1268 1526 1321 perducitur.
1592 1268 1676 1306 Illa

215 1340 327 1377 mea,
358 1340 468 1378 quae
499 1327 668 1365 solebas
707 1332 835 1364 antea
874 1324 1072 1375 laudale,
1110 1325 1177 1375 „O
1215 1325 1437 1362 hominem
1476 1325 1674 1362 facilem!

217 1381 253 1420 O
274 1382 491 1432 hospitem
512 1393 598 1418 non
619 1393 727 1435 grav
719 1378 856 1418 em!“
896 1379 1114 1419 abierunt.
1153 1379 1266 1418 Nam
1290 1392 1462 1418 omnem
1482 1386 1679 1418 nostram

217 1435 270 1475 de
302 1449 350 1475 re
378 1435 556 1488 publica
586 1448 752 1484 eniam,
784 1437 1098 1490 cogitationem
1129 1434 1181 1473 de
1220 1434 1403 1473 dicenda
1441 1436 1487 1473 in
1525 1440 1679 1473 senatu

216 1492 448 1541 sententia,
480 1492 895 1529 commentationem
926 1503 1081 1529 causa1
1085 1503 1156 1528 um
1186 1489 1439 1529 abiecimus.
1497 1490 1547 1528 In
1575 1491 1678 1543 Epi·
1732 1500 1738 1505 ’

217 1604 308 1638 aber
335 1603 398 1637 das
422 1603 584 1650 Aergste
610 1603 680 1636 Dir
717 1604 771 1636 als
804 1602 980 1651 mog-fich
1014 1603 1176 1636 denken
1215 1623 1260 1628 —
1299 1615 1526 1649 ([ιιιεειιηᾳιιε
1562 1609 1677 1644 erunt,

217 1664 294 1687 was
320 1663 380 1684 am
406 1651 514 1684 Ende
540 1651 701 1684 kommt.
762 1651 855 1685 Wie
871 1632 1127 1684 ³·v01trefftich
1156 1651 1291 1684 Cice10
1329 1651 1401 1684 dui
1406 1650 1453 1683 ch
1488 1651 1559 1684 den
1587 1663 1679 1699 gan-

216 1712 290 1734 zen
315 1699 424 1732 Brief
445 1698 517 1732 den
544 1699 767 1732 C'asarianer
793 1698 966 1732 abfiihrt!

314 1774 346 1805 1.
398 1776 438 1803 ut
461 1782 625 1804 scurram
650 1772 791 1803 velitem
827 1771 849 1803 i.
887 1782 916 1803 e.
954 1771 1049 1804 levis
1076 1776 1288 1804 armaturae
1313 1771 1471 1804 velitem
1494 1782 1676 1814 scurram,

220 1818 287 1863 qui
312 1818 358 1851 ad
384 1818 478 1851 alios
505 1817 741 1851 lacessendos
768 1824 968 1862 promptus
1003 1824 1057 1851 est
1091 1824 1139 1859 et,
1167 1819 1293 1861 qualia
1321 1819 1430 1859 dicit,
1457 1819 1588 1852 audire
1617 1831 1678 1853 co-

220 1867 336 1915 gitur.
366 1866 616 1905 GRONOV„
621 1865 747 1904 ,einen
773 1865 1147 1906 Schnurrenreisser‚
1176 1866 1345 1900 Sch‘ziker
1370 1878 1444 1899 von
1470 1867 1678 1899 Baueriun-

219 1926 307 1961 gen.
335 1931 379 1939 —
405 1916 513 1948 malzs
539 1919 675 1947 onerat.
703 1926 782 1947 csse.
835 1916 942 1947 P'atus
974 1914 1078 1948 hatte
1108 1915 1192 1947 dem
1220 1916 1353 1947 Cicero
1380 1915 1564 1948 vvixklich
1592 1916 1677 1949 eine

220 1962 381 2009 Ladung
415 1960 577 1995 schb'ner
609 1961 744 2005 Aepsel
778 1974 841 1994 aus
874 1963 1007 1995 seinen
1041 1963 1185 1996 G'drten
1221 1975 1287 1999 zu!
1281 1963 1482 2010 geschickt.
1542 1963 1676 1997 Cicero

219 2008 373 2043 scherzt
397 2009 570 2043 (lesshalb
598 2010 667 2041 mit
686 2010 771 2042 (lem
800 2010 1062 2054 Doppelsinne
1080 2011 1141 2044 des
1158 2012 1258 2045 “VVox
1262 2017 1290 2043 ts
1306 2014 1418 2047 mals,
1445 2023 1522 2045 was
1540 2012 1677 2054 Aepsel

220 2057 301 2090 und
326 2057 425 2090 auch
451 2058 529 2091 lose
556 2057 656 2091 Reth-
640 2070 684 2089 n
720 2058 958 2099 (maledicta)
994 2059 1179 2092 bedeuten
1212 2059 1326 2093 kann.
1378 2059 1426 2092 So
1462 2065 1542 2105 sag-t
1569 2059 1676 2091 Plau-

217 2110 278 2138 tus
304 2116 462 2139 onerare
488 2105 706 2139 maledictis
732 2106 811 2138 und
836 2106 1013 2152 ingerere
1039 2109 1157 2139 multa
1184 2107 1295 2142 mala.
1340 2127 1377 2132 -
1417 2111 1455 2140 in
1482 2109 1555 2141 ista
1582 2109 1676 2149 loca,

161 2188 164 2189 ⁷
218 2152 265 2185 ad
298 2153 434 2185 villam
470 2153 584 2187 Paeti.
619 2173 666 2177 —
702 2155 1005 2195 contubernalem,
1044 2155 1155 2188 einen
1182 2154 1490 2198 Einquartirten.
1519 2174 1564 2180 —
1590 2168 1677 2199 pro-

218 2201 371 2235 malside
397 2201 578 2245 conficere,
606 2201 727 2235 du1ch
752 2202 896 2235 Voikos
901 2207 915 2233 t
941 2202 1060 2235 sehon
1094 2203 1190 2235 v'dlli
1181 2215 1218 2250 ig·
1254 2214 1301 2234 zu
1335 2204 1512 2250 siittigen
1553 2202 1587 2236 S.
1617 2215 1674 2248 ep.

218 2250 302 2290 450,
329 2251 362 2283 8.
389 2268 432 2273 -
459 2251 510 2282 ad
533 2262 647 2288 ovum,
675 2274 696 2290 „
702 2251 794 2283 ietzt
820 2250 943 2297 biing'
970 2250 1035 2282 ich
1070 2250 1143 2283 (len
1170 2251 1487 2294 νοῙΙ5ῐὲηᾶὶσ-5ῒρῐι
1513 2252 1676 2298 Hunger

218 2308 267 2328 zu
293 2296 367 2330 den
392 2296 515 2330 Eiern
541 2298 653 2331 mit.“
702 2298 815 2331 Diese
850 2298 1016 2331 nahmen
1050 2298 1110 2331 bei
1143 2298 1211 2331 der
1237 2298 1467 2333 Romischen
1495 2299 1677 2332 Mahlzeit

220 2344 282 2377 die
308 2343 426 2377 stelle
452 2356 613 2379 unserer
639 2345 766 2389 Suppe
795 2345 868 2379 ein.
922 2345 1051 2379 Daher
1076 2346 1129 2378 als
1156 2345 1419 2390 Sprichwort:
1447 2347 1489 2380 ab
1517 2358 1587 2380 ovo
1614 2359 1676 2379 us-

223 2403 296 2435 que
334 2392 381 2425 ad
415 2393 571 2426 malum.
629 2394 768 2435 „Quasi
809 2394 912 2426 nihil
951 2399 1155 2440 gustassem
1201 2395 1241 2426 in
1280 2395 1527 2438 promulside,
1570 2395 1676 2428 iuxta

223 2440 373 2472 ieiunus
402 2446 438 2473 et
473 2441 641 2474 esuriens
676 2442 882 2487 aggredior
915 2446 1027 2485 caput
1065 2453 1191 2475 cenae.
1230 2442 1439 2476 GRONOV.
1477 2461 1516 2466 —
1553 2446 1676 2488 itaque

218 2489 449 2533 perducitur,
484 2488 563 2521 und
601 2499 640 2522 so
679 2489 821 2522 arbeite
855 2489 920 2522 ich
956 2489 1062 2522 mich
1101 2500 1175 2522 von
1209 2488 1384 2523 Schiissel
1420 2503 1468 2524 zu
1499 2490 1675 2523 Schiissel

223 2535 278 2567 bis
304 2547 393 2568 zum
419 2536 666 2570 Kalbsbraten
694 2537 827 2571 durch.
856 2556 896 2562 ——
923 2538 997 2570 Illa
1022 2540 1355 2578 mea...al›iermzt‚
1381 2539 1452 2571 mit
1478 2538 1551 2571 (len
1577 2538 1692 2571 Lob-2

222 2583 563 2627 spriichen...die
603 2584 661 2617 Du
697 2585 773 2616 mir
813 2584 978 2618 ehemals
1021 2585 1247 2626 ertheiltest,
1293 2586 1370 2618 ist’s
1416 2598 1496 2618 nun
1532 2586 1674 2619 vorbei.

216 2630 380 2672 facilem,
408 2631 476 2664 der
501 2631 623 2665 leicht
647 2644 695 2665 zu
721 2635 946 2680 vergniigen
972 2633 1031 2670 ist,
1069 2634 1197 2677 paucis
1231 2639 1462 2667 contentum.
1501 2653 1547 2658 -—-
1582 2646 1676 2666 com-

221 2684 328 2711 ment.
357 2691 462 2720 caus„
491 2679 552 2712 (las
578 2680 843 2714 Nachdenken
879 2681 970 2713 iiber
1008 2681 1068 2714 die
1096 2681 1390 2722 Rechtshzindel,
1419 2682 1480 2714 die
1506 2682 1582 2714 wir
1607 2693 1676 2714 voi·

223 2726 388 2760 Gericht
412 2739 458 2760 zu
484 2727 623 2762 fiihren
650 2728 796 2767 hatten.
818 2747 865 2754 —-
891 2730 1055 2770 abiicere,
1082 2730 1210 2764 Etwas
1237 2730 1432 2776 ai1i'g‹2=be11‚
1459 2730 1541 2762 sich
1570 2730 1676 2763 einer
