1795 3081
192 58 291 106 228
460 53 526 101 M.
557 51 609 98 T.
642 47 985 99 CICERONIS
1023 48 1402 98 EPISTOLAE.

192 177 429 231 quidquam
460 172 673 212 libentius
703 172 834 223 facio,
865 184 994 224 quam
1017 172 1165 210 scribo
1187 170 1242 210 ad
1265 177 1329 209 te:
1360 168 1520 209 videor
1543 171 1660 209 enim

194 248 293 273 cum
323 236 553 285 praesente
584 229 707 280 loqui
738 233 781 266 et
810 228 966 266 iocari.
1026 226 1120 265 Nec
1159 233 1305 265 tamen
1345 225 1429 264 hoc
1465 239 1547 264 usu
1583 239 1659 265 ve-

195 291 259 327 nit
288 293 474 340 propter
503 290 675 337 spectra
707 284 913 323 Catiana:
960 295 1042 335 pro
1081 295 1167 335 quo
1211 282 1295 320 tibi
1334 282 1537 333 proxima
1569 282 1660 333 epi-

195 345 306 383 stola
340 348 403 380 tot
431 341 620 378 rusticos
650 337 824 377 Stoicos
855 351 1072 393 regemn),
1104 343 1154 376 ut
1177 336 1351 377 Catium
1373 335 1555 374 Athenis
1585 349 1663 374 na-

154 399 289 439 2tu¹n
321 409 411 436 esse
442 395 576 434 dicas.
634 394 818 433 Pansam
856 400 1055 432 nostrum
1094 391 1284 431 secunda
1322 391 1552 430 voluntate
1582 391 1662 429 ho-

197 456 362 492 minum
393 450 648 504 paludatum
680 462 732 487 ex
761 449 871 488 urbe
902 449 1040 488 exisse
1071 462 1203 500 quum
1233 448 1369 500 ipsius
1399 459 1527 485 causa
1558 459 1664 502 gau-

199 510 293 556 deo,
326 514 418 546 tuni
449 504 700 544 mehercule
731 505 863 544 etiam
893 506 1089 542 omniurn
1111 504 1324 542 nostruin.
1384 500 1524 554 Spero
1547 502 1664 540 enim

199 564 397 603 homines
428 562 751 609 intellecturos,
783 565 945 612 quanto
992 561 1050 598 sit
1080 559 1283 597 omnibus
1326 555 1428 595 odio
1472 556 1663 595 crudeli-

201 627 266 658 tas
298 625 340 657 et
370 623 532 670 quanto
564 615 708 653 amori
738 614 937 668 probitas
958 621 1001 654 et
1022 615 1275 653 clementia:
1308 619 1438 664 atque
1459 624 1523 661 ea,
1554 624 1665 664 quae

201 675 390 715 maxime
420 672 527 710 mali
556 676 708 724 petant
736 676 779 710 et
810 671 1136 723 concupiscant,
1167 668 1222 707 ad
1246 669 1383 707 bonos
1413 668 1664 720 pervenire.

202 729 398 769 Difficile
429 734 494 766 est
523 728 639 765 enim
670 724 936 778 persuadere
966 725 1218 764 hominibus
1256 721 1306 763 τὸ
1339 721 1473 762 καλὸν
1502 717 1557 762 δι’
1591 717 1665 762 αὖ·

201 783 252 825 τὸ
283 780 456 839 αἱρετὸν
486 795 602 821 esse:
637 775 796 836 ἡδονὴν
824 793 932 819 vero
964 787 1008 820 et
1037 775 1277 835 ἀταραξίαν
1312 779 1497 828 virtute,
1539 777 1668 816 iusti-

203 842 282 889 tia,
324 839 386 891 τῷ
422 836 544 892 καλῷ
583 837 736 889 parari
780 841 824 874 et
859 849 1016 874 verum
1066 842 1109 874 et
1146 833 1378 886 probabile
1422 839 1498 872 est.
1570 832 1668 885 Ipse

205 896 322 935 enim
337 894 569 946 Epicurus,
605 905 630 929 a
659 904 746 943 quo
778 903 928 930 omnes
960 889 1077 929 Catii
1107 895 1150 928 et
1178 889 1399 938 Amafinii,
1429 888 1536 926 mali
1565 901 1667 926 ver-

202 951 362 989 borum
390 950 672 1000 interpretes,
701 947 1063 999 proficiscuntur,
1102 944 1232 983 dicit:
1273 937 1352 983 οὐκ
1382 939 1500 984 ἔστιν
1530 939 1669 998 ἡδέως

168 1000 310 1049 3ἒὶνευ
348 1004 426 1043 τοῦ
465 1001 612 1050 καλῶς
648 1001 724 1041 καὶ
760 997 944 1050 δικαίως
984 999 1070 1056 ζῆν.
1130 999 1283 1051 Itaque
1321 1004 1364 1037 et
1401 998 1554 1047 Pansa,
1594 998 1671 1050 qui

205 1056 366 1114 ἰἷὸονὴν
393 1059 609 1110 sequitur,
638 1058 853 1096 virtutem
883 1058 1071 1095 retinet:
1117 1062 1161 1094 et
1191 1057 1239 1104 ii,
1279 1055 1355 1106 qui
1384 1068 1409 1093 a
1437 1054 1563 1093 vobis
1593 1066 1670 1106 φι-

203 1091 383 1170 λίὴὁονοι
410 1119 646 1162 vocantur,
684 1118 786 1151 sunt
824 1107 1066 1167 φιλόκαλοι
1096 1117 1140 1151 et
1175 1106 1458 1165 ([ιλοόίκαιοι
1498 1121 1669 1148 onmes-

300 1231 331 1263 1.
384 1228 419 1261 S.
451 1228 490 1262 V.
517 1227 557 1260 Β.
594 1226 658 1261 Sic
681 1226 753 1260 Md.
781 1231 851 1260 cet.
878 1225 918 1258 Β.
947 1226 970 1258 1.
1000 1236 1029 1258 e.
1058 1225 1189 1258 benest
1213 1235 1284 1269 pro
1310 1226 1350 1258 B.
1373 1225 1417 1257 E.
1444 1242 1491 1248 --
1515 1236 1668 1267 peregr.‚

204 1276 514 1312 Wanderschaft.
550 1292 597 1300 --
631 1280 821 1319 praesente
859 1273 900 1306 in
926 1273 1055 1321 Bezug·
1092 1274 1159 1305 auf
1182 1285 1305 1306 coram
1331 1274 1449 1306 adesse
1476 1272 1528 1304 im
1555 1271 1667 1305 Brief.

203 1327 284 1360 522.
311 1326 337 1368 §.
366 1327 398 1358 1.
428 1343 467 1349 —
496 1335 562 1357 usu
587 1326 684 1356 venit
710 1322 734 1355 i.
762 1333 791 1355 e.
821 1332 892 1354 nec
917 1326 1043 1354 tamen
1070 1321 1154 1354 ioco
1182 1321 1288 1353 locus
1315 1326 1380 1362 est,
1413 1325 1456 1352 ut
1480 1325 1521 1352 tu
1546 1325 1668 1364 putas,

204 1378 365 1419 propter
404 1377 554 1416 spectra
595 1370 764 1404 Catiana.
836 1369 970 1402 Cicero
1012 1368 1114 1402 enim
1158 1369 1307 1403 Catium
1354 1366 1668 1412 reprehenderat,

206 1420 310 1466 quod
335 1420 467 1454 εἴδωλα
493 1418 628 1452 Latine
655 1422 827 1451 verterat
853 1422 1008 1460 spectra.
1037 1417 1138 1450 SCH.
1181 1415 1318 1456 „Doch
1351 1415 1475 1450 haben
1503 1415 1565 1449 die
1593 1415 1669 1448 Ge-

206 1468 355 1503 sichter
380 1469 443 1502 des
469 1466 686 1501 Insubriers
715 1465 844 1499 Catius
870 1464 1007 1499 Nichts
1034 1464 1152 1498 damit
1177 1477 1225 1497 zu
1251 1463 1390 1498 thun.“
1443 1466 1576 1497 Catina
1591 1462 1667 1496 Md.

207 1517 311 1552 Vict.
339 1522 381 1549 ut
407 1515 500 1549 alibi
524 1516 707 1560 proelium
733 1515 935 1547 Hir-tinum.
973 1514 1046 1546 OR.
1089 1531 1129 1537 -
1169 1525 1237 1558 pro
1264 1525 1333 1558 quo
1366 1523 1444 1546 uno
1472 1510 1579 1545 Catio
1607 1511 1668 1543 in-

205 1565 298 1598 scite
324 1564 377 1597 sio
405 1564 585 1607 loquente
619 1567 674 1595 tot
700 1560 850 1595 Sto'icos
887 1561 1052 1594 rusticos
1086 1571 1271 1607 reg-eram.
1309 1561 1410 1593 SCH.
1446 1560 1574 1593 Ueber
1598 1571 1668 1603 quo

205 1625 270 1646 aus
297 1613 457 1646 Catiana
481 1623 507 1644 s.
536 1609 685 1643 Ramsh.
714 1613 744 1651 §.
772 1611 855 1650 206,
881 1610 925 1649 A,
954 1612 989 1643 4.
1016 1608 1179 1652 Synesis.
1219 1611 1374 1642 rusticos
1401 1607 1425 1640 i.
1454 1618 1484 1640 e.
1512 1607 1669 1640 barbare

206 1666 243 1694 et
269 1660 420 1694 duriter
445 1660 658 1702 loquentes.
685 1670 862 1703 regeram,
898 1657 964 1690 ich
998 1656 1084 1689 will
1115 1656 1399 1702 zuriickgeben.
1435 1674 1483 1679 —
1519 1655 1674 1689 Athenis

205 1709 231 1741 1.
269 1720 300 1742 e.
339 1708 381 1740 in
418 1706 671 1742 urbanissimo
710 1706 795 1739 loco
832 1709 962 1739 natum
1000 1704 1024 1737 i.
1063 1715 1094 1737 e.
1134 1715 1210 1738 esse
1248 1704 1508 1744 urbaniorenn
1553 1714 1668 1747 quam

206 1756 367 1790 Stoicos.

300 1817 334 1851 2.
386 1814 554 1848 Pansam.
590 1813 625 1847 S.
655 1825 711 1858 ep.
739 1815 820 1853 520,
847 1815 880 1848 3.
897 1831 943 1837 -
968 1813 1121 1846 secunda
1135 1813 1339 1853 voluntate,
1365 1822 1507 1860 magno
1525 1812 1669 1844 favore.

205 1882 251 1889 —
278 1864 327 1896 ad
350 1864 460 1896 bonos
481 1863 681 1906 pervenire,
709 1861 781 1895 den
809 1861 936 1894 Guten
962 1873 1009 1893 zu
1036 1860 1151 1894 Theil
1176 1860 1345 1895 werden.
1386 1860 1521 1894 Cicero
1547 1858 1672 1907 signi-

206 1911 296 1944 ficat
321 1911 371 1949 id,
398 1910 499 1954 quod
524 1910 615 1942 mali
643 1910 809 1942 maxime
837 1913 1030 1953 appetant,
1056 1911 1281 1952 volupta¹em
1302 1914 1336 1942 et
1354 1909 1669 1954 tranquillitatem

201 1960 253 1993 -ad
280 1959 410 2000 bonos,
440 1958 614 2001 exemplo
642 1959 793 1998 Pansae,
820 1957 1040 2001 pervenire.
1068 1957 1168 1989 SCH.
1214 1957 1300 1989 Man
1326 1956 1437 1997 sieht,
1475 1955 1555 1988 dass
1581 1954 1670 1988 Cas-

205 2008 282 2041 sius
321 2007 395 2040 den
431 2005 568 2039 Cicero
607 2005 836 2039 verstanden
877 2005 955 2038 hat.
1003 2024 1051 2029 -—
1097 2004 1541 2050 defficile...persuadere
1574 2002 1667 2036 hom.

207 2054 410 2102 Significat
442 2052 542 2085 hanc
568 2052 783 2086 Stoicorum
819 2052 1034 2086 doctrinam
1069 2063 1204 2096 parum
1241 2064 1318 2086 esse
1356 2051 1595 2098 popularem.
1623 2068 1671 2075 —·

206 2100 728 2145 ἡδονῆν...άταραξῐαγ,
769 2101 1006 2145 voluptatem
1043 2106 1079 2134 et
1117 2105 1255 2132 statum
1297 2099 1437 2133 mentis
1471 2098 1672 2143 perturba-

207 2152 313 2184 tione
341 2153 537 2182 carentem
565 2148 912 2189 (Gemiithsruhe);
953 2148 993 2180 in
1028 2147 1088 2180 his
1122 2147 1227 2180 enim
1268 2147 1408 2181 duobus
1440 2147 1670 2180 felicitatem

208 2198 355 2232 locabat
386 2197 586 2241 Epicurus.
627 2196 712 2229 Vid.
751 2197 805 2230 De
841 2196 986 2231 Finibb.
1014 2195 1097 2228 Lib.
1127 2196 1158 2228 I.
1185 2207 1216 2228 c.
1242 2195 1317 2227 XV.
1352 2196 1404 2234 II,
1432 2206 1463 2228 c.
1489 2197 1521 2229 3.
1554 2195 1582 2236 ξ.
1611 2197 1670 2228 10.

208 2246 366 2293 Diogen.
395 2244 571 2277 Laertius
597 2244 661 2284 X1,
691 2247 760 2280 137
787 2255 866 2288 sqq.
887 2262 925 2268 —-
946 2249 980 2277 et
1003 2245 1206 2287 probabile,
1233 2241 1520 2283 einleuchtend,
1545 2246 1671 2286 potest

209 2294 325 2326 etiam
351 2293 472 2339 vulgo
498 2292 668 2335 probari.
695 2311 742 2317 —
777 2306 799 2325 α
826 2304 895 2336 quo
923 2296 1114 2335 tamquam
1141 2291 1317 2335 principe
1344 2290 1497 2324 scholae
1524 2290 1669 2334 Epicu·

206 2353 304 2375 reae.
344 2360 390 2365 --
426 2340 607 2382 Amafinii
640 2350 688 2371 Ξ
724 2340 923 2383 Anmfam‘i
958 2339 1051 2373 Vict.
1081 2342 1111 2372 1.
1151 2345 1285 2371 contra
1312 2339 1384 2372 Md.
1423 2338 1501 2371 Cfr.
1528 2339 1669 2371 Tuscus.

206 2392 240 2431 4,
269 2392 304 2426 3,
329 2392 364 2424 Ο.
396 2390 469 2422 OR.
503 2387 738 2429 Amafanius‚
764 2388 978 2433 Epicureus
1004 2385 1270 2431 philosophus,
1296 2387 1445 2431 primus
1473 2385 1518 2418 de
1543 2385 1670 2418 Philo-

207 2437 342 2481 sophia
370 2436 505 2469 Latine
533 2435 699 2479 scripsit.
731 2454 775 2459 —
814 2437 999 2469 verborum
1026 2434 1199 2478 Epicuri.
1228 2453 1273 2458 —
1300 2434 1377 2468 οὐκ
1404 2431 1668 2475 ἒ’στιπ“..ζῇ’1’.

207 2486 302 2518 Erat
336 2485 440 2518 inter
465 2482 627 2527 Epicuri
664 2487 788 2528 κυρίας
813 2482 938 2523 δόξαςε
978 2493 1081 2521 „non
1118 2493 1225 2525 posse
1262 2481 1426 2514 iucunde
1464 2480 1557 2520 vivi,
1596 2480 1670 2513 nisi

205 2531 364 2566 honeste
392 2537 428 2565 et
455 2531 549 2564 iuste
575 2531 767 2563 vivatur.“
820 2530 906 2564 Vid.
936 2530 981 2565 de
1008 2529 1156 2563 Finibb.
1185 2530 1216 2571 I,
1240 2532 1297 2572 18,
1316 2532 1374 2565 57.
1402 2529 1453 2570 II,
1475 2530 1531 2563 16.
1557 2529 1668 2562 Tusc.

206 2580 335 2624 Dispp‚
362 2580 405 2620 V,
432 2582 467 2620 9,
494 2581 551 2614 26.
589 2579 714 2611 Laert.
741 2578 784 2618 X,
814 2581 892 2613 1⁷40.

299 2642 331 2673 3.
389 2642 563 2684 sequitur,
607 2637 828 2685 nachgeht;
875 2638 953 2671 also
994 2637 1055 2670 ein
1091 2635 1291 2680 Epikurer
1327 2635 1387 2669 ist.
1423 2653 1470 2660 --
1509 2648 1531 2668 a
1558 2635 1672 2676 vohis,

204 2686 356 2721 Sto'i'cis.
383 2705 429 2713 —
455 2685 735 2733 φιλήδονοι,
771 2690 956 2720 amatores
993 2683 1216 2729 voluptatis,
1247 2682 1597 2720 IVollustfreundc.
1626 2700 1671 2707 —-
