1795 3081
458 28 778 79 EPISTOLA
814 28 969 82 DLX,
1007 28 1190 87 DLXI.
1462 30 1559 77 293

57 195 62 202 ,
95 153 163 192 nit
191 152 237 191 in
266 157 472 201 mentem,
503 163 589 203 quo
620 150 718 202 plus
747 150 1016 201 insumptum
1055 151 1101 188 in
1130 157 1461 190 monumentum
1492 163 1559 189 es-

95 214 161 248 set
191 220 320 260 quam
351 207 497 246 nescio
529 204 649 258 quid,
692 203 809 257 quod
844 204 942 259 lege
972 205 1246 257 conceditur,
1287 204 1559 245 tantumdem

94 264 258 316 populo
299 261 489 301 dandum
527 273 641 299 esse:
693 258 811 311 quod
848 272 936 297 non
975 272 1132 315 magno
1173 274 1306 315 opere
1343 267 1560 310 moveret,

95 319 195 367 nisi,
227 319 375 356 nescio
406 314 642 369 quomodO,
672 309 842 367 ἀλόγως
870 316 1071 365 fortasse,
1109 317 1274 356 nollem
1310 315 1424 356 illud
1463 316 1557 354 ullo

95 374 273 412 nomine
303 373 389 410 nisi
418 373 509 409 fani
539 370 769 423 appellari.
830 368 957 420 Quod
986 371 1024 407 si
1052 371 1271 419 volumus,
1297 384 1473 421 vereor,
1504 383 1558 409 ne

95 429 267 480 assequi
296 441 384 465 non
417 427 631 479 possimus
673 426 759 463 nisi
795 430 965 463 mutato
1005 425 1117 464 loco.
1176 427 1276 466 Hoc
1318 427 1446 479 quale
1484 427 1557 475 sit,

96 496 257 535 quaeso
303 480 546 521 considera.
618 479 747 524 Nam,
792 481 873 519 etsi
914 480 1057 519 minus
1087 494 1253 537 urgeor
1282 495 1436 535 meque
1465 482 1558 534 ipse

94 536 414 592 propemodum
444 536 621 590 collegi,
657 541 804 574 tamen
833 533 1011 589 indigeo
1050 537 1116 574 tui
1156 538 1346 576 consilii.
1405 537 1558 589 Itaque

94 599 138 632 te
166 593 451 632 vehementer
486 592 619 629 etiam
658 596 789 642 atque
829 591 964 629 etiam
1003 603 1129 645 rogo,
1181 593 1320 648 magis
1360 605 1491 644 quam
1532 604 1558 629 a

93 661 163 687 me
192 649 259 687 vis
288 653 365 687 aut
392 647 557 699 pateris
589 652 632 686 te
662 646 830 702 rogari,
875 651 926 685 ut
966 644 1078 686 hanc
1117 649 1433 704 cogitationem
1460 652 1556 686 toto

93 709 274 757 pectore
302 702 582 756 amplectere.

271 924 592 974 EPISTOLA
629 924 808 972 DLXI.
872 923 952 984 (ad
987 924 1087 980 Au,
1125 924 1233 980 ΧΠ,
1270 925 1372 1005 362)

260 1013 343 1049 Ser.
371 1013 517 1048 Antiati
542 1025 672 1047 mense
698 1013 826 1058 Aprili
850 1013 893 1046 A.
921 1015 966 1048 U.
996 1013 1035 1047 C.
1059 1016 1141 1049 709.
1177 1015 1226 1056 (a.
1253 1014 1293 1049 G.
1320 1014 1399 1055 45.)

96 1087 175 1120 Cur
201 1086 243 1118 in
272 1091 522 1120 monumento
550 1085 703 1118 Tulliae
730 1085 900 1129 sepulcri
927 1085 1224 1120 similitudinem
1253 1086 1425 1134 effugere
1452 1084 1560 1124 velit,

94 1133 270 1169 ostendit.
297 1136 330 1168 1.
365 1134 526 1166 Brutum
554 1133 747 1180 obiurgari
773 1133 872 1174 vult,
898 1133 1001 1176 quod
1022 1133 1063 1165 in
1083 1134 1249 1168 Cumano
1273 1146 1349 1169 esse
1370 1132 1558 1173 noluerit5

408 1181 605 1215 Cluatium
631 1180 887 1214 architectum
916 1180 1047 1214 exacui
1073 1182 1168 1216 vult.
1214 1184 1247 1217 2.

606 1263 783 1299 CICERO
808 1264 988 1300 ATTICO
1014 1264 1052 1299 S.

202 1338 367 1376 Fanum
394 1337 494 1376 fieri
522 1337 653 1385 volo3
696 1351 836 1391 neque
865 1338 949 1377 hoc
978 1337 1090 1376 mihi
1132 1339 1230 1378 erui
1266 1345 1424 1392 potest.
1481 1337 1558 1379 Se-

96 1464 200 1498 xime
226 1462 462 1507 superiorem
490 1460 544 1504 (h.
573 1460 628 1493 ed.
657 1462 756 1502 556.)
797 1472 882 1495 eum
914 1461 956 1494 in
988 1462 1201 1497 suburbano
1229 1461 1337 1496 Sicae
1373 1473 1563 1496 convene-

96 1517 166 1545 rat.
195 1512 297 1544 SCH.
327 1529 367 1535 —
395 1510 621 1550 tantundem,
650 1523 718 1556 quo
744 1511 1012 1555 plus...quid‚
1040 1511 1137 1555 quod
1156 1512 1231 1554 lege
1247 1513 1467 1552 conceditur,
1492 1523 1560 1555 po-

93 1562 182 1606 pulo
208 1561 240 1592 d.
268 1571 349 1597 esse,
389 1557 494 1599 „dass
535 1568 623 1589 man
661 1557 761 1590 nach
796 1557 926 1591 czisars
952 1558 1212 1606 Vei-ordnung
1252 1558 1346 1592 eben
1385 1570 1423 1592 so
1458 1559 1558 1599 Viel,

95 1608 150 1642 als
179 1619 267 1640 man
294 1606 360 1639 auf
382 1605 445 1638 ein
470 1604 691 1638 Denkmahl
724 1605 818 1638 iiber
845 1604 906 1639 die
936 1604 1035 1639 nach
1071 1606 1201 1640 dessen
1228 1606 1363 1641 Gesetz
1391 1607 1559 1641 erlaubte

96 1655 174 1688 mir
198 1654 444 1687 unbekannte
470 1651 624 1687 Summe
650 1652 853 1687 verwandt
877 1653 956 1696 hat,
991 1666 1038 1687 an
1066 1654 1129 1687 das
1158 1654 1264 1689 Volk
1289 1655 1457 1703 abgeben
1482 1655 1560 1688 sol-

96 1704 171 1737 le.“
213 1704 287 1748 lege
320 1694 554 1745 sumptuaria
594 1701 772 1735 Caesaris.
806 1720 854 1725 --
891 1714 1024 1746 magno
1056 1714 1172 1748 opere.
1211 1702 1313 1736 Edit.
1348 1703 1441 1736 Ern.
1471 1703 1556 1736 Hal.

95 1752 236 1791 minor,
254 1748 343 1785 Sch.
370 1761 507 1794 magno
533 1760 588 1782 me
614 1762 727 1795 opere.
756 1749 840 1784 Asc.
859 1753 888 1784 1.
918 1750 1020 1783 Crat.
1049 1751 1145 1796 quod
1162 1763 1216 1784 me
1236 1763 1463 1796 magnopere.
1484 1752 1557 1785 OR.

98 1803 265 1840 moveret,
285 1796 393 1830 mich
414 1797 621 1830 kiimmern
646 1798 791 1832 wiirde.
807 1817 854 1822 -—
873 1796 1064 1844 ἀλόγως,
1093 1798 1173 1832 51119
1200 1799 1363 1840 ratione,
1390 1799 1558 1846 grillen-

98 1846 190 1880 hast.
218 1864 263 1870 —
289 1846 432 1890 assequi
456 1845 663 1878 consilium
697 1851 884 1879 nostrum.
918 1865 965 1871 --
1005 1849 1079 1880 nisi
1102 1851 1247 1879 mutato
1274 1849 1362 1880 loco.
1408 1847 1559 1883 Consti-

97 1900 293 1927 tueramus
320 1894 449 1925 fanum
475 1892 628 1926 Tulliae
655 1894 694 1925 in
721 1892 843 1926 hortis
869 1894 1170 1927 Transtiberinis
1197 1896 1347 1935 facere,
1388 1895 1451 1928 sed
1475 1905 1559 1928 11111-

98 1941 235 1974 tandus
261 1941 367 1974 locus
395 1945 461 1980 est,
488 1941 519 1973 si
547 1940 695 1985 assequi
725 1942 917 1984 volumus,
957 1947 998 1974 ut
1028 1942 1107 1974 fani
1139 1943 1298 1976 nomine
1325 1943 1556 1986 appelletur.

96 1990 275 2024 MANUT.
315 1989 409 2022 Dem
433 1988 609 2034 Anfange
643 1989 706 2022 des
738 1990 949 2037 folgenden
975 1990 1118 2023 Briefes
1152 1993 1295 2037 gemass
1330 1990 1465 2025 wollte
1492 1990 1558 2024 Gi-

97 2049 185 2071 cero
213 2037 342 2070 seiner
359 2035 529 2069 Tochter
552 2036 722 2070 h'oherer
733 2035 879 2072 Weihe
904 2049 1040 2085 wegen
1061 2037 1175 2071 einen
1190 2038 1351 2083 Tempel
1379 2038 1558 2078 erbauen,

98 2086 188 2119 aber
214 2085 304 2118 kein
332 2083 525 2123 GrabmaL
560 2096 636 2118 was
672 2085 772 2119 ohne
807 2085 902 2119 diess
939 2096 976 2119 so
1002 2085 1156 2119 kostbar
1181 2087 1262 2119 sein
1287 2085 1435 2128 warde,
1476 2086 1557 2120 dass

99 2145 142 2167 er
167 2134 286 2166 sofort
312 2131 353 2164 in
379 2131 440 2164 die
478 2132 573 2165 oben
612 2133 810 2167 erw‘aeihnte
838 2133 1045 2167 Geldbusse
1079 2134 1250 2167 verfiele.
1301 2134 1410 2167 Doch
1446 2133 1558 2167 nicht

98 2193 162 2214 aus
201 2179 350 2214 Furcht
384 2190 455 2213 vor
488 2179 611 2214 dieser
636 2180 759 2215 Sti-ase
792 2181 899 2215 mied
932 2193 974 2215 er
1009 2181 1083 2215 den
1108 2182 1184 2214 Bau
1211 2183 1315 2215 eines
1343 2181 1555 2223 Grabmah,

99 2228 260 2262 sondern
286 2227 327 2259 in
354 2226 424 2260 der
448 2226 616 2270 Absicht,
653 2229 778 2262 durch
805 2230 916 2262 einen
943 2229 1105 2273 Tempel
1130 2230 1217 2263 dein
1243 2229 1460 2263 Andenken
1487 2230 1558 2264 der

98 2275 430 2323 abgeschiedenen
455 2275 586 2309 Tullia
611 2276 724 2310 mehr
751 2277 964 2325 Heiligung
989 2289 1036 2309 zu
1063 2277 1195 2324 geben.
1233 2278 1372 2312 Bauete
1399 2290 1441 2312 er
1466 2278 1557 2311 aber

99 2325 175 2357 den
200 2324 359 2367 Tempel
386 2323 428 2354 in
464 2322 538 2356 den
565 2324 965 2359 Transtiberinischen
989 2324 1147 2366 G'zirten,
1182 2336 1221 2359 so
1248 2332 1389 2360 musste
1417 2337 1459 2366 er
1486 2325 1555 2358 ihn

99 2372 219 2405 sehon
246 2371 314 2404 der
339 2370 631 2405 vielbesuchten
660 2372 821 2420 Gegend
854 2384 991 2420 weg-en
1017 2373 1057 2405 in
1084 2373 1231 2406 Gestalt
1257 2374 1360 2407 eines
1386 2373 1556 2417 sepulcri

99 2419 302 2453 auffuhren
323 2418 454 2451 lassen.
507 2419 613 2453 Diess
647 2432 695 2452 zu
731 2421 971 2463 vermeiden,
1012 2426 1093 2469 sagt
1130 2433 1184 2463 er,
1218 2424 1341 2454 miisse
1373 2433 1462 2454 man
1495 2421 1556 2454 ein

98 2468 257 2501 anderes
283 2466 399 2499 Local
433 2467 665 2501 ausinitteln.
707 2471 781 2501 nisi
811 2474 895 2501 tuto
929 2482 952 2502 α
990 2472 1192 2503 mutatione
1224 2471 1299 2502 loco
1331 2468 1419 2503 Sch.
1455 2481 1554 2513 susp.

98 2515 187 2547 Vid.
216 2526 272 2558 ep,
301 2515 380 2549 535.
407 2515 488 2555 561,
517 2518 548 2548 1.
583 2515 656 2549 Sed
683 2517 751 2548 cfr.
780 2517 852 2561 Ep.
881 2527 956 2559 seq.
985 2519 1097 2549 etiam
1122 2520 1155 2551 si
1181 2519 1257 2550 alio
1284 2519 1362 2550 loco
1384 2519 1555 2560 placebit.

98 2563 289 2597 ORELLI.
322 2580 364 2586 -—
398 2565 516 2596 minus
541 2575 685 2608 urgeor,
711 2568 826 2598 etwas
852 2564 1014 2612 ruhiger
1045 2565 1136 2607 bin,
1181 2566 1325 2611 collegi,
1359 2565 1422 2597 ich
1448 2564 1555 2598 mich

98 2610 259 2644 beinahe
286 2609 433 2644 wieder
459 2611 595 2658 gefasst
620 2611 726 2644 habe.

191 2686 223 2718 1.
249 2695 359 2729 neque
384 2682 583 2717 hoc..eruz·
604 2687 734 2728 potest,
762 2682 841 2718 und
867 2683 929 2718 das
956 2682 1040 2718 lass'
1066 2684 1132 2718 ich
1158 2683 1233 2718 mix·
1259 2682 1368 2717 nicht
1386 2695 1451 2717 aus
1470 2683 1555 2718 dem
