1795 3081
219 74 317 124 364
479 67 547 115 M.
583 71 641 117 T.
679 65 1014 115 CICERONIS
1048 68 1456 118 EPISTOLAE.·

219 194 348 234 Libri
389 188 566 244 quidem
603 189 666 228 ita
706 188 932 240 exierunt,
961 209 1018 217 —-
1057 191 1146 230 nisi
1183 194 1299 232 forte
1340 206 1409 232 me
1449 194 1692 233 communis

219 244 433 305 φιλαυτία
463 244 630 296 decipit
661 267 709 273 —
756 250 807 283 ut
847 246 893 283 in
932 245 1012 284 tali
1054 259 1213 300 genere
1252 261 1306 287 ne
1346 247 1463 302 apud
1499 248 1692 288 Graecos

221 303 398 359 quidem
429 301 569 341 simile
599 296 847 352 quidquam.
906 299 978 339 Tu
1006 301 1131 340 illam
1159 304 1375 342 iacturam
1408 306 1520 343 feres
1553 316 1692 356 aequo

221 362 386 405 animo,
427 354 544 410 quod
574 355 674 403 illa,
711 367 822 406 quae
851 354 983 395 habes
1015 355 1069 395 de
1098 355 1392 404 Academicis,
1424 361 1590 397 frustra
1618 358 1692 397 de-

222 416 387 467 scripta
408 417 519 452 sunt.
551 410 696 449 Multo
726 415 871 449 tamen
901 411 1009 449 haec
1039 418 1169 450 erunt
1198 412 1513 465 splendidiora,
1542 414 1691 453 brevi-

179 475 316 519 2ora‚
347 468 544 507 meliora.
603 464 734 504 Nunc
763 471 908 505 autem
938 459 1111 518 ἀπορῶ,
1141 480 1226 520 quo
1255 481 1323 507 me
1352 475 1535 508 vertam.
1578 467 1692 507 Volo

221 524 474 565 Dolabellae
511 519 642 561 valde
680 518 964 560 desideranti.
1022 521 1125 560 Non
1156 524 1351 576 reperio,
1390 522 1516 576 quid:
1561 529 1604 562 et
1632 525 1692 562 si-

219 581 313 619 mul
344 573 553 627 αἱὸέομαι
588 574 762 628 Τρῶαςε
808 588 972 629 neque,
1015 578 1052 615 si
1090 577 1284 630 aliquid,
1328 584 1480 631 potero
1518 575 1693 629 μέμψιν

220 637 425 689 effugere.
464 632 554 671 Aut
574 629 831 670 cessandum
850 633 1005 685 igitur,
1036 638 1113 671 aut
1142 632 1309 686 aliquid
1341 632 1691 686 excogitandum.

177 689 307 738 3Sed
347 687 451 743 quid
491 688 597 725 haec
635 686 751 724 levia
788 689 1018 726 curamus?
1072 688 1219 727 Attica
1258 701 1375 738 mea,
1427 689 1606 728 obsecro
1635 694 1690 734 te,

220 743 330 799 quid
373 745 487 797 agit?
539 754 651 794 quae
693 753 761 779 me
800 741 930 781 valde
973 744 1106 782 anorit.
1187 741 1274 782 Sed
1317 745 1473 783 crebro
1516 749 1694 798 regusto

219 807 315 841 tuas
346 801 516 840 literast
546 798 594 836 in
624 795 692 835 his
722 799 966 849 acquiesco.
1024 774 1192 838 'I'amen
1224 805 1425 853 exspecto
1454 811 1603 840 novas.

393 965 714 1016 EPISTOLA
749 966 929 1015 DCVI.
981 965 1062 1025 (ad
1099 966 1201 1014 Att.
1237 968 1370 1016 XIII.
1411 969 1510 1027 16.)

216 1059 298 1094 scr.
327 1058 371 1091 in
398 1056 586 1101 Arpinati
613 1068 644 1089 a.
673 1056 706 1091 d.
734 1056 821 1091 vn.
851 1056 932 1091 Kal.
961 1055 1096 1091 sextil.
1127 1056 1166 1090 A.
1196 1058 1244 1091 U.
1274 1058 1312 1092 c.
1340 1061 1424 1094 709.
1474 1059 1522 1101 (a.
1550 1057 1588 1091 c.
1615 1058 1693 1100 45.)

215 1130 273 1165 De
299 1129 412 1164 libris
441 1128 681 1164 Academicis
708 1128 756 1162 ad
783 1129 1004 1210 Varrolnem
1039 1129 1249 1163 translatis.
1280 1133 1314 1164 1.
1350 1141 1473 1176 pauca
1503 1129 1611 1164 addit
1645 1130 1692 1164 de

876 1189 894 1209 a
918 1178 974 1211 iis.
1001 1179 1036 1212 2.

721 1248 901 1283 CICERO
934 1249 1112 1284 ATTICO
1145 1249 1182 1284 S.

328 1322 440 1369 Nos,
483 1334 618 1376 quum
646 1322 830 1362 flumina
873 1328 916 1362 et
955 1322 1216 1362 solitudines
1260 1336 1565 1377 sequeremur,
1607 1336 1691 1376 quo

218 1380 396 1421 facilius
438 1383 684 1417 sustentare
727 1391 806 1417 nos
850 1391 1099 1431 possemus,
1145 1377 1301 1432 pedem
1344 1393 1367 1419 e
1405 1380 1515 1420 villa
1552 1378 1693 1418 adhuc

216 1494 291 1529 Das
317 1492 440 1527 fehlte
467 1491 667 1526 wahrlich
696 1491 820 1532 noch,
849 1491 929 1524 dass
957 1502 1000 1525 er
1026 1491 1141 1525 nicht
1167 1492 1369 1526 zufrieden
1395 1494 1514 1526 w’zire.
1543 1511 1585 1516 —
1637 1494 1693 1524 ita

218 1546 383 1577 exierunt
409 1539 505 1573 libri
522 1539 746 1573 Academici
765 1540 811 1573 de
832 1540 1012 1572 manibus
1034 1540 1131 1573 meis
1158 1539 1182 1575 i.
1206 1551 1234 1574 e.
1258 1539 1310 1573 ita
1339 1540 1477 1580 effecti,
1505 1539 1692 1573 elaborati

218 1597 321 1625 sunt.
339 1608 386 1613 —
413 1592 613 1622 communis
641 1590 824 1635 φιλαυτία,
852 1588 914 1621 (1ὶο
941 1587 1189 1635 Eigenliebe,
1217 1587 1294 1621 wie
1322 1589 1376 1622 sie
1404 1587 1691 1622 beiMenschen

218 1637 473 1686 gewb'hnlich
501 1637 563 1670 isf.
590 1656 636 1661 —
669 1638 787 1670 simile
814 1637 1009 1682 quidquam
1037 1643 1167 1670 exstet.
1193 1655 1241 1660 —
1276 1637 1316 1669 cle
1340 1637 1587 1677 Academicis,
1614 1646 1691 1668 von

219 1688 290 1720 der
316 1694 445 1719 ersten
465 1684 635 1731 Ausgabe
662 1683 1111 1717 dieserAkademischen
1125 1683 1495 1732 Untersuchungen.
1523 1702 1562 1709 —
1591 1684 1692 1725 haec,

221 1735 325 1768 diese
352 1733 492 1767 zweite
519 1732 787 1778 Bearbeitung.

314 1783 348 1817 2.
402 1780 535 1824 ἀπορῶ,
564 1779 629 1812 ich
655 1780 722 1812 bin
748 1780 940 1826 verlegen.
967 1797 1013 1803 —
1048 1791 1115 1824 quo
1141 1792 1194 1813 me
1220 1786 1370 1821 vertam,
1397 1780 1502 1814 'Wen
1530 1778 1595 1812 ioh
1623 1792 1692 1812 zu-

220 1837 299 1865 erst
319 1829 539 1875 abfertigen
559 1828 592 1863 d.
610 1828 632 1861 i.
652 1828 772 1862 Wem
790 1827 855 1860 ich
875 1833 1004 1860 zuei-st
1023 1827 1088 1861 ein
1100 1827 1230 1861 Werk
1253 1828 1419 1862 dedicirt
1432 1827 1691 1860 zuschreiben

218 1878 315 1919 soll;
336 1877 381 1910 ob
401 1877 485 1909 dem
500 1876 624 1910 Varro
638 1875 731 1909 oder
744 1875 969 1909 Dolabella?
984 1894 1029 1899 --
1043 1875 1263 1909 desideranti
1280 1877 1514 1909 satisfacere.
1530 1887 1586 1919 ep.
1606 1877 1690 1916 602,

218 1928 254 1962 2.
274 1946 315 1951 -
337 1925 501 1961 <adsonat
519 1925 658 1970 Τρῶας,
686 1923 751 1955 ich
777 1923 916 1956 scheue
944 1922 1051 1956 mich
1077 1935 1149 1957 vor
1175 1924 1432 1962 deu'l'roerm
1461 1934 1613 1965 vereor,
1642 1935 1690 1956 ne

219 1972 487 2018 reprehendar
513 1984 533 2004 a
561 1973 682 2011 bonis,
712 1971 742 2004 si
771 1971 865 2015 quid
892 1971 1084 2015 scripsero
1112 1971 1154 2004 in
1176 1971 1342 2020 gratiam
1356 1971 1593 2009 Dolabellae,
1621 1971 1689 2014 qui

221 2029 354 2055 contra
382 2032 465 2053 rem
492 2020 689 2064 publicam
716 2031 822 2052 arma
850 2019 953 2052 tulit.
981 2019 1098 2054 MAN.
1137 2025 1174 2053 et
1201 2032 1288 2053 cum
1317 2019 1449 2052 Tullia
1476 2019 1689 2053 divortium

218 2070 325 2103 fecit.
354 2070 494 2102 Versus
521 2080 568 2101 ex
581 2067 744 2101 Homeri
772 2067 815 2101 11.
843 2079 876 2106 z,
905 2069 987 2103 442.
1015 2067 1073 2101 Cf.
1101 2079 1202 2112 supr.
1225 2079 1281 2111 ep.
1299 2071 1358 2106 31,
1381 2071 1472 2102 1.—
1496 2069 1530 2100 si
1547 2069 1694 2114 aliquid

219 2118 421 2150 invenero.
437 2135 483 2140 —-
507 2116 726 2156 cessandum,
754 2115 822 2148 ich
847 2127 949 2148 muss
975 2116 1053 2149 also
1081 2115 1204 2149 damit
1230 2116 1320 2149 inne
1346 2115 1496 2157 hasten,
1524 2115 1599 2149 den
1614 2115 1690 2149 Ge-

220 2165 375 2199 danken
402 2164 605 2211 aufgeben.

317 2215 351 2247 3.
402 2212 488 2245 haec
513 2214 618 2252 levia,
646 2224 710 2244 um
741 2209 875 2244 solche
903 2210 1227 2257 Kleiuigkesten,
1269 2209 1446 2244 n‘zimlich
1471 2222 1597 2258 gegen
1625 2210 1688 2244 das

218 2260 433 2295 'Wohlsein
468 2260 613 2293 Deiner
640 2259 786 2292 Attika.
848 2258 884 2292 S.
923 2270 980 2302 ep.
1009 2260 1133 2292 DCIV
1170 2261 1224 2293 im
1252 2260 1340 2293 Anf.
1378 2271 1412 2291 u.
1448 2258 1521 2293 bes.
1560 2258 1686 2292 DCIX.

220 2309 350 2344 Ueber
385 2308 448 2340 die
474 2308 778 2354 Voranstellung
813 2317 890 2339 von
924 2309 1053 2341 Attica
1080 2320 1159 2340 mccc
1196 2321 1221 2346 s,
1250 2306 1401 2341 Ramsh.
1430 2305 1568 2347 §.192
1594 2306 1630 2347 b,
1655 2309 1689 2341 3.

220 2376 268 2382 -—
300 2361 446 2402 regusto
471 2365 519 2386 =
545 2355 612 2388 ich
647 2355 726 2389 lese
763 2354 923 2390 wieder.
949 2374 996 2380 —
1031 2359 1071 2389 in
1097 2356 1153 2389 his
1178 2359 1381 2402 acquiesco,
1427 2365 1471 2388 er
1505 2353 1691 2402 beruhigt

220 2405 331 2442 mich
355 2403 515 2438 wieder.

317 2480 351 2511 1.
393 2476 559 2519 flumina
586 2480 620 2507 ct
645 2476 857 2510 solitudines
881 2488 975 2522 seq.,
1015 2474 1175 2508 seitdem
1213 2474 1279 2507 ich
1317 2473 1447 2506 meine
1482 2473 1688 2507 einsiedle-

222 2525 351 2559 rische
387 2524 488 2558 Insel
523 2524 716 2567 Arpinum
753 2523 974 2565 aufsuchte,
1015 2536 1081 2556 um
1117 2523 1220 2555 desto
1256 2521 1427 2555 leichter
1464 2521 1573 2554 mich
1612 2533 1689 2554 von

223 2575 393 2606 meinem
420 2573 610 2605 Kummer
643 2571 930 2605 auszurichten.
982 2571 1155 2605 Flumina
1190 2569 1385 2616 intelligit
1410 2569 1622 2603 Fibrenum
1652 2573 1689 2601 et

224 2621 374 2662 Lirim,
412 2631 543 2652 amnes
578 2619 725 2652 nobiles
760 2619 801 2652 in
838 2630 931 2665 agro
959 2619 1165 2664 Arpinati3
1206 2618 1250 2650 de
1279 2618 1415 2660 quibus
1441 2616 1531 2650 libr.
1557 2617 1605 2650 Il.
1642 2616 1687 2649 de

224 2669 345 2715 Legg.
373 2679 405 2705 c,
432 2671 468 2703 3.
497 2667 718 2700 solitudines
753 2674 865 2701 vocat
890 2668 975 2700 loca
1002 2667 1080 2700 sola
1107 2666 1211 2700 etab
1240 2665 1348 2698 omni
1373 2664 1579 2697 hominum
1607 2665 1687 2696 fre·

225 2716 386 2761 quentia
410 2721 580 2759 remota,
616 2716 752 2760 quibus
786 2726 826 2750 se
860 2715 1050 2750 afflictum
1086 2721 1125 2749 et
1158 2713 1403 2748 debilitatum
1439 2723 1486 2746 ex
1521 2711 1688 2746 interitu
