1795 3081
414 38 733 89 EPISTOLA
767 37 945 89 DCVI.
978 38 1068 87 DC
1076 38 1181 88 VII.
1439 37 1535 85 365

65 166 226 220 egressi
254 177 340 204 non
369 175 544 210 sumus3
581 162 643 200 ita
677 173 857 216 magnos
897 165 940 198 et
974 159 1172 200 assiduos
1207 159 1372 199 imbres
1406 158 1538 199 habe-

62 222 230 262 bamus.
302 221 421 259 Illam
459 212 765 270 ἀκαδημαῖκὴν
794 209 994 262 σύνταξιν
1027 222 1163 254 totam
1202 214 1258 255 ad
1286 216 1537 254 Varronem

63 275 350 317 traduximus.
383 275 530 313 Primo
561 273 645 309 fuit
661 271 818 319 Catuli,
848 270 1042 320 Luculli,
1073 271 1316 310 Hortensii.
1349 269 1535 318 Deinde,

63 333 166 385 quia
195 327 318 386 παρὰ
350 326 396 368 τὸ
426 324 599 383 πρέπον
627 325 873 374 videbatur,
904 325 1022 377 quod
1044 332 1140 365 erat
1158 325 1409 365 hominibus
1432 330 1535 363 nota

63 401 150 426 non
190 387 264 425 illa
307 383 483 438 quidem
522 376 810 426 ἀπαιδευσία,
857 381 933 420 sed
973 381 1019 419 in
1060 382 1115 420 iis
1155 382 1284 421 rebus
1323 374 1530 432 ἇτριψία,

64 442 197 481 simul
217 455 267 480 ac
283 441 386 480 veni
408 436 461 477 ad
477 438 638 481 villam,
672 435 842 475 eosdem
872 436 971 474 illos
1002 449 1225 475 sermones
1254 434 1309 473 ad
1325 435 1535 475 Catonem

63 497 336 548 Brutumque
360 493 580 534 transtuli.
611 491 722 531 Ecce
741 498 842 531 tuae
859 492 1012 530 literae
1037 489 1087 530 de
1103 491 1320 530 Varrone.
1351 490 1533 530 Nemini

64 554 160 592 visa
177 556 242 589 est
269 550 418 602 aptior
431 542 676 596 Ἀντιόχεια
698 548 824 587 ratio,
883 544 970 584 Sed
995 552 1138 585 tamen
1160 546 1294 586 velim
1314 546 1457 584 sribas
1479 543 1533 584 ad
1547 544 1575 583 2

64 620 152 652 me,
199 607 391 659 primum
421 605 644 657 placeatne
675 603 759 641 tibi
789 600 956 654 aliquid
985 601 1040 640 ad
1069 602 1222 650 illum3
1270 598 1447 651 deinde,
1493 601 1533 639 si

64 662 270 715 placebit,
302 660 440 698 hocne
470 659 757 711 potissimum.
817 654 933 708 Quid
962 654 1180 696 Servilia?
1211 657 1355 695 iamne
1384 657 1534 695 venit?

64 717 226 756 Brutus
257 714 415 767 ecquid
443 716 549 769 agit,
583 711 834 765 ecquando?
886 711 951 750 De
981 711 1165 752 Caesare
1194 710 1300 764 quid
1329 710 1534 750 auditur?

65 772 154 826 Ego
186 770 240 810 ad
269 769 437 819 Nonas,
483 767 849 823 quemadmodum
879 764 984 806 dixi.
1043 765 1116 808 Tu
1145 780 1246 807 cum
1274 766 1450 820 Pisone,
1495 767 1534 805 si

67 826 173 881 quid
203 826 381 880 poteris.

223 994 541 1045 EPISTOLA
580 994 786 1044 Dcvn.
848 995 930 1054 (ad
964 995 1067 1043 Att.
1104 994 1236 1043 XIII.
1274 996 1375 1054 14.)

67 1071 148 1106 Ser.
177 1071 217 1104 in
244 1073 423 1117 Arpinati
456 1084 486 1105 a.
515 1071 550 1106 d.
580 1072 648 1106 VI.
677 1072 760 1108 Kal,
788 1072 921 1106 Sextil.
960 1073 1003 1107 A.
1031 1075 1076 1108 U.
1105 1073 1146 1107 C.
1173 1076 1257 1109 709.
1309 1074 1357 1113 (a.
1385 1071 1424 1105 C.
1452 1071 1532 1115 45.)

67 1132 209 1165 Scribit
235 1145 272 1166 se
299 1133 451 1165 Brinnii
480 1132 661 1164 libertum
690 1133 796 1165 nolle
824 1133 868 1165 ad
896 1145 933 1167 se
959 1133 1108 1169 venire.
1146 1137 1179 1167 1.
1227 1133 1339 1178 petit,
1367 1137 1410 1164 ut
1435 1132 1534 1165 Atti-

67 1192 131 1214 cus
158 1179 203 1214 de
229 1180 348 1214 Bruto
376 1185 412 1214 et
440 1179 609 1219 Caesare,
637 1191 731 1223 quae
758 1181 948 1221 rescierit,
975 1181 1140 1222 scribat3
1181 1186 1218 1215 et
1256 1180 1302 1214 de
1340 1180 1449 1213 libris
1487 1179 1536 1213 ad

421 1228 632 1261 Varronem
661 1229 860 1262 mittendis
888 1229 1115 1263 consideret.
1142 1231 1178 1265 2.

569 1287 751 1322 CICERO
783 1289 962 1324 ATTICO
990 1289 1026 1325 S.

174 1349 350 1388 Brinnii
375 1348 578 1397 libertus,
610 1349 790 1388 coheres
809 1357 975 1402 noster,
1005 1351 1188 1403 scripsit
1212 1349 1268 1389 ad
1286 1362 1371 1401 me,
1400 1349 1536 1399 velle,

66 1405 104 1443 si
140 1405 250 1442 mihi
290 1405 501 1457 placeret,
554 1403 791 1443 coheredes
835 1419 880 1445 se
919 1413 962 1445 et
1005 1405 1217 1445 Sabinum
1253 1405 1434 1444 Albium
1480 1403 1536 1443 ad

64 1520 222 1554 Tulliae
249 1520 488 1553 sustentabat.
517 1519 690 1554 POPMA.
718 1520 819 1554 Eine
836 1521 1061 1565 Hendiadys
1088 1528 1131 1556 st.
1151 1521 1290 1554 villam
1318 1520 1535 1554 solitariam

67 1569 172 1601 inter
198 1568 269 1600 illa
295 1568 457 1600 flumina
484 1568 607 1601 sitam.
634 1586 680 1592 —-
719 1566 930 1607 σύνταξιγ.
957 1569 993 1602 S.
1013 1581 1061 1601 zu
1081 1581 1138 1614 ep.
1159 1569 1297 1611 DCIV,
1318 1571 1353 1602 4.
1372 1587 1414 1593 --
1441 1568 1536 1600 Hor-

68 1618 186 1655 tensii,
215 1616 255 1647 in
282 1616 350 1648 der
376 1622 503 1648 ersten
524 1615 696 1663 Ansgabe
723 1616 829 1649 hatte
855 1617 921 1649 ich
948 1617 1020 1649 den
1045 1617 1120 1651 Cat.
1147 1617 1240 1650 Luc.
1277 1630 1313 1652 u.
1341 1616 1450 1649 Hort.
1479 1615 1535 1648 als

0 1685 1 1693 η
64 1663 232 1698 redende
259 1665 449 1696 Personen
483 1664 679 1697 austreten
713 1664 844 1700 lassen.
874 1682 916 1689 —·
955 1666 1071 1710 παρά
1106 1664 1151 1699 τὸ
1186 1666 1366 1710 πρέπον,
1408 1675 1535 1710 gegen

0 1720 1 1731 ¹
65 1712 127 1745 die
153 1710 473 1744 Schicklichkeit
499 1723 547 1743 zu
573 1712 657 1744 sein
683 1711 841 1752 schien,
874 1713 1004 1746 solche
1030 1712 1171 1746 Rollen
1199 1713 1317 1746 ienen
1344 1713 1535 1744 Mannern

0 1771 1 1797 ξ
64 1772 113 1793 zu
139 1759 274 1806 geben.
295 1778 337 1783 —
364 1772 435 1792 non
462 1760 538 1797 illa⁸
568 1758 657 1798 sch,
687 1760 786 1793 coni.
815 1762 978 1801 illorum,
1005 1761 1108 1804 quod
1135 1760 1234 1794 Liin.
1263 1771 1391 1804 recep.
1435 1758 1535 1792 Mihi

0 1817 3 1823 ·
65 1818 143 1840 non
183 1807 340 1840 videtur
379 1807 605 1839 necessaria.
665 1807 736 1841 Est
774 1808 987 1841 abtractum
1026 1819 1098 1852 pro
1138 1815 1330 1842 concreto.
1382 1808 1458 1841 ΟΒ.
1489 1826 1537 1835 —

0 1891 2 1893 ,
66 1855 360 1894 ιῖπαιδει·σί(ι,
399 1855 634 1901 ignorantia.
670 1873 714 1879 —
755 1858 792 1888 in
820 1860 866 1890 iis
890 1856 990 1898 (Asc.
1018 1859 1048 1891 1.
1077 1856 1179 1890 Crat.
1205 1856 1302 1890 Vict.
1330 1858 1361 1889 1.
1399 1855 1534 1889 Lamb.

64 1903 135 1944 ἤϊε)
161 1905 264 1936 rebus
292 1902 497 1947 (ἷτριφιά,
526 1903 682 1941 ruditas,
736 1902 896 1937 Sensus:
925 1904 1015 1948 quia
1035 1911 1171 1937 notum
1199 1908 1281 1938 erat
1306 1903 1533 1937 hominibus

64 1961 143 1983 non
171 1951 260 1983 illos
288 1951 445 1994 quidem
473 1951 633 1983 omnino
661 1950 890 1990 illiteratos,
936 1952 1001 1985 sed
1037 1958 1166 1985 tamen
1201 1952 1242 1985 in
1279 1950 1534 1996 philosophia

63 1999 289 2031 Academica
323 2009 458 2042 parum
496 2006 664 2032 versatos
700 1999 829 2039 (nicht
862 1999 1082 2046 eigentlich
1113 1999 1360 2040 bewandert,
1398 1998 1534 2045 wenig-

63 2058 113 2079 zu
140 2047 284 2087 Hause)
325 2057 413 2079 esse.
452 2046 551 2079 SCH.
587 2064 634 2071 —
676 2049 768 2081 Ecce
794 2076 800 2082 .
829 2075 836 2083 .
864 2077 872 2084 .
900 2049 939 2080 de
968 2047 1152 2088 Varrone,
1191 2046 1298 2087 sieh',
1337 2047 1456 2080 daran
1483 2047 1534 2081 ist

63 2093 165 2126 Dein
191 2094 303 2127 Brief
326 2094 420 2126 iiber
446 2094 571 2128 Varro
599 2092 756 2130 Schuld.
796 2094 831 2129 S.
861 2108 920 2140 ep.
948 2096 1058 2137 DCV,
1086 2099 1119 2129 1.
1137 2114 1177 2122 —
1206 2095 1400 2129 Nemini..
1418 2097 1532 2137 ratio,

63 2143 155 2181 „fiir
181 2141 446 2182 Niemanden‚
486 2141 611 2188 glaub'
639 2143 727 2183 ich,
766 2143 921 2177 schickt
954 2143 1038 2176 sich
1073 2144 1135 2177 die
1161 2143 1436 2190 Verfechtung
1462 2143 1534 2176 der

66 2188 374 2223 Antiochischen
412 2189 616 2223 Lehrsatze
650 2190 797 2232 besser,
837 2192 890 2225 als
930 2193 994 2224 fiir
1026 2192 1196 2227 Varro.“
1254 2192 1365 2224 Denn
1403 2191 1532 2224 dieser

63 2248 146 2270 war
172 2237 213 2269 in
240 2237 372 2270 seiner
397 2237 546 2284 Iugend
575 2249 691 2282 aogar
719 2240 782 2273 ein
809 2237 978 2273 Schiiler
1004 2239 1065 2274 des
1092 2238 1307 2274 Antiochus
1334 2249 1530 2287 gewesen.

63 2284 150 2331 Vgl.
178 2295 234 2329 ep.
261 2284 395 2324 DC1V‚
426 2287 458 2320 4.
487 2298 522 2318 u.
549 2285 680 2327 DCXI,
707 2289 739 2323 5.

159 2333 191 2366 2.
243 2333 387 2377 aliquid
417 2334 467 2366 ad
496 2335 621 2375 illum,
661 2334 741 2368 dass
780 2334 845 2368 ich
885 2335 968 2368 ihm
1005 2336 1136 2370 Etwas
1172 2334 1348 2370 dedicire
1382 2346 1417 2369 u.
1457 2332 1530 2366 ihn

65 2379 177 2412 darin
203 2383 397 2414 austreten
425 2382 528 2415 lasse.
566 2400 612 2405 —
656 2382 765 2416 hocne
788 2388 885 2428 pot„
921 2384 966 2417 ob
992 2384 1111 2432 grade
1139 2383 1248 2418 diess.
1274 2401 1321 2408 -
1361 2383 1529 2417 Servilia.

65 2427 99 2461 S.
128 2439 188 2471 ep.
216 2427 354 2467 Delu,
380 2430 415 2462 2.
443 2448 489 2453 —
524 2433 719 2474 ecquando,
745 2443 861 2463 wann
888 2432 991 2465 wird
1018 2431 1080 2465 die
1107 2431 1230 2465 Sache
1255 2430 1403 2478 richtig
1428 2440 1529 2464 wer-

65 2475 165 2508 den?
207 2475 394 2508 N‘amlich
421 2477 525 2511 seine
552 2490 648 2511 neue
674 2477 995 2526 Verheirathung
1020 2480 1095 2514 mit
1121 2480 1190 2514 der
1216 2479 1361 2512 Porcia.
1387 2496 1435 2502 —-
1475 2478 1527 2511 ad

63 2522 188 2556 Nonas
213 2523 314 2557 Sext.
343 2524 384 2556 in
411 2524 629 2558 Tusculano
659 2537 745 2567 er0;
776 2527 853 2559 also
880 2538 1020 2573 gegen,
1047 2529 1115 2561 auf
1138 2528 1212 2561 den
1238 2528 1271 2561 5.
1299 2529 1457 2573 August.
1475 2543 1524 2550 —-

64 2572 142 2604 dixi
167 2582 221 2615 ep.
252 2571 380 2610 DClV,
407 2575 446 2605 «ἐι.-
491 2585 551 2606 me
579 2573 741 2607 circiter
766 2574 892 2607 Nonas
919 2574 961 2607 in
988 2574 1206 2610 Tusculano
1232 2575 1329 2608 fore.
1356 2593 1403 2599 —
1444 2586 1524 2608 cum

65 2619 190 2652 Pisone
217 2619 374 2652 confice.
417 2619 506 2667 Vgl.
535 2632 593 2664 ep.
620 2621 749 2661 DClV,
777 2624 810 2657 4.

156 2680 188 2713 1.
242 2679 416 2712 Sabinum
441 2681 601 2722 Albium,
630 2681 692 2714 ein
709 2681 852 2715 Terrae
872 2681 985 2715 filius.
1012 2701 1059 2708 -—
1085 2682 1201 2717 her-ed.
1228 2683 1331 2716 tanti
1356 2695 1427 2717 non
1457 2686 1524 2725 est,
