1795 3081
211 80 308 128 206
492 73 553 121 M.
591 72 645 119 Τ.
681 70 1026 123 CICERONIS
1062 33 1437 126 EP1STOLA'E.

212 208 299 241 tam
330 199 510 246 stultus,
548 197 602 232 ut
639 198 681 232 te
710 206 846 233 usura
879 195 981 234 falsi
1023 194 1171 250 gaudii
1209 198 1299 236 frui
1336 197 1485 246 velim,
1524 192 1677 236 deinde

212 257 355 310 frangi
385 256 565 304 repente
595 253 724 300 atque
751 249 812 287 ita
849 249 1019 300 cadere,
1058 259 1107 301 ut
1131 252 1251 292 nulla
1283 265 1351 292 res
1380 259 1420 292 te
1450 249 1503 291 ad
1529 253 1678 305 aequi-

211 317 340 350 tatem
390 308 529 347 animi
568 305 711 354 possit
756 310 905 356 postea
954 305 1176 346 extollere.
1243 307 1320 360 Egi
1358 314 1475 347 tuam
1507 318 1679 347 causam

210 366 422 419 apertius,
460 373 593 415 quam
632 371 726 398 mea
764 365 962 413 tempora
992 362 1200 401 ferebant.
1259 363 1531 401 vincebatur
1562 362 1677 401 enim

211 425 385 460 fortuna
416 419 513 470 ipsa
543 412 792 454 debilitatae
823 417 990 469 gratiae
1019 423 1192 456 nosti-ae
1222 419 1286 457 tui
1311 419 1492 456 caritate
1516 423 1558 457 et
1581 429 1677 455 ineo

210 480 423 529 perpetuo
453 481 558 525 erga
588 475 630 508 te
659 482 808 508 amore
837 470 955 509 culto
990 484 1012 510 a
1045 477 1085 510 te
1117 473 1460 528 diligentissime.
1521 472 1678 510 Omnia

212 531 424 584 promissa
456 527 724 573 confirmata,
756 530 877 564 certa
906 532 950 565 et
978 533 1071 565 rata
1102 537 1217 577 sunt,
1258 541 1369 580 quae
1399 526 1454 565 ad
1483 526 1677 565 reditum

213 591 255 625 et
291 582 345 622 ad
382 580 566 621 salutem
606 585 730 617 tuam
765 581 1002 632 pertinent.
1072 581 1190 631 Vidi,
1235 582 1434 637 cognovi,
1478 582 1676 620 interfui.

172 640 385 682 2Etenim
426 647 576 676 omnes
611 633 811 673 Caesaris
856 638 1090 675 familiares
1126 638 1227 676 satis
1268 644 1510 691 opportune
1539 636 1677 675 habeo

217 694 467 747 implicatos
497 689 812 729 consuetudine
842 695 883 728 et
914 691 1213 731 benevolentia
1242 694 1319 742 sic,
1356 698 1419 740 ut,
1461 704 1594 744 quum
1624 691 1677 729 ab

214 750 292 788 illo
342 746 641 795 discesserint,
684 758 751 783 me
800 744 986 784 habeant
1033 749 1293 799 proximum.
1377 747 1476 785 Hoc
1520 746 1676 795 Pansa,

214 804 407 849 Hirtius,
441 801 620 849 Balbus,
654 798 833 851 Oppius,
865 798 1046 849 Matius,
1077 801 1322 840 Postumius
1360 803 1488 855 plane
1524 802 1586 840 ita
1617 801 1679 838 fa»

214 860 353 906 ciunt,
385 864 436 896 ut
469 869 537 894 ine
566 855 699 893 unice
730 854 926 909 diligant.
988 856 1112 907 Quod
1151 857 1186 894 si
1226 857 1333 894 mihi
1372 869 1451 909 per
1488 869 1555 894 ine
1585 855 1678 893 effi—

212 912 413 954 ciendum
447 912 618 957 fuisset,
649 922 735 947 non
765 923 831 949 me
861 911 1104 962 poeniteret
1133 924 1213 963 pro
1244 913 1415 950 ratione
1433 917 1678 962 temporum

211 970 272 1008 ita
303 981 396 1007 esse
426 966 644 1004 molitum.
701 962 786 1003 Sed
822 964 935 1004 nihil
972 972 1036 1004 est
1071 979 1095 1003 a
1125 977 1191 1003 inc
1224 967 1481 1006 inservitum
1512 972 1679 1017 tempo-

211 1025 273 1062 ris
304 1032 458 1061 causa:
494 1026 666 1060 veteres
705 1020 815 1058 mihi
854 1018 1192 1060 necessitudines
1230 1034 1329 1060 cum
1368 1022 1433 1060 his
1475 1021 1675 1059 omnibus

211 1074 506 1124 intercedunt,
537 1075 802 1128 quibuscum
833 1088 912 1130 ego
944 1087 1071 1128 agere
1102 1073 1152 1113 de
1182 1081 1223 1113 te
1242 1089 1326 1115 non
1350 1075 1511 1114 destiti.
1551 1074 1677 1113 Prin·

212 1135 354 1187 cipem
387 1138 535 1170 tamen
567 1130 802 1169 habuimus
832 1130 1030 1181 Pansam,
1073 1132 1137 1169 tui
1168 1131 1546 1181 studiosissimum,
1588 1130 1677 1168 mei

306 1256 474 1294 AMPIO,
525 1255 634 1288 Titus
671 1255 828 1300 Ampius
862 1255 1011 1298 Balbus,
1058 1254 1225 1290 vormals
1251 1258 1321 1292 697
1356 1256 1564 1301 Propr'a‘tor
1599 1265 1674 1289 von

212 1304 376 1338 Cilicien
404 1306 449 1345 (s.
479 1303 526 1337 ad
553 1303 701 1336 Divers.
729 1303 758 1344 1,
785 1306 850 1343 3.),
891 1304 952 1337 ein
993 1304 1153 1352 eifrigcr
1178 1304 1432 1348 Pompeianor
1462 1304 1582 1336 sehon
1619 1303 1674 1336 als

210 1353 400 1386 Tribunus
426 1350 554 1397 plebis
580 1353 648 1386 691
676 1353 716 1389 (s.
748 1350 918 1384 Velleius
944 1352 1086 1385 Patere.
1117 1353 1166 1393 ll,
1192 1355 1269 1393 l10),
1298 1352 1402 1385 warh
1429 1351 1603 1384 nachher
1628 1363 1676 1384 zu

216 1400 343 1445 Capua
368 1402 431 1433 fiir
461 1398 678 1443 Pompeius,
712 1398 884 1432 desshalb
911 1410 986 1432 von
1013 1400 1086 1433 den
1113 1398 1361 1434 Czisarianern
1387 1399 1473 1432 tuba
1500 1399 1595 1432 belli
1621 1399 1676 1431 ci-

212 1449 303 1482 vilis
329 1452 501 1495 genamnt
529 1446 593 1487 (ad
618 1446 732 1480 Attic.
763 1446 876 1488 V111,
906 1450 947 1481 11
976 1447 1033 1481 od.
1063 1459 1121 1492 ep.
1148 1451 1217 1483 33³.
1243 1445 1281 1481 h.
1313 1448 1368 1481 ed.
1396 1447 1558 1495 Anlage3
1597 1445 1675 1480 und

211 1496 258 1531 ad
285 1496 433 1531 Divers.
463 1495 527 1536 VI,
554 1497 610 1529 13.
638 1494 757 1528 Varro
784 1494 830 1528 de
856 1496 931 1529 Vit.
957 1506 1046 1540 pop.
1066 1495 1285 1537 Rom.1V.)‚
1312 1496 1390 1529 und
1417 1494 1548 1529 suchte
1575 1494 1673 1528 auch

211 1544 283 1578 den
313 1544 450 1577 Cicero
476 1555 527 1577 zu
553 1542 748 1588 bewegen,
787 1543 867 1577 dass
895 1555 937 1577 er
961 1543 1074 1576 nicht
1100 1543 1251 1577 neutral
1280 1543 1429 1577 bleiben
1464 1545 1508 1583 (s.
1537 1543 1582 1576 ad
1608 1542 1675 1575 Di-

209 1603 307 1626 vers.
334 1593 440 1632 vm,
472 1593 521 1626 16
558 1591 636 1639 vgl.
664 1590 737 1622 mit
772 1591 822 1629 11,
852 1594 894 1627 16
931 1591 991 1626 od.
1019 1603 1075 1636 ep.
1103 1594 1172 1627 372
1204 1591 1242 1624 h.
1271 1591 1359 1634 ed.)‚
1398 1591 1563 1624 sondern
1590 1589 1674 1624 sich

209 1652 257 1673 zu
285 1639 354 1674 der
379 1643 523 1673 Armee
557 1639 620 1672 des
647 1638 846 1682 Pompeius
881 1639 1048 1686 bet-feben
1084 1639 1248 1673 m'cichte.
1306 1639 1424 1672 Dafur
1459 1644 1598 1672 musste
1631 1649 1674 1672 er

209 1687 309 1723 nach
336 1687 404 1721 der
431 1686 648 1734 Besiegung
676 1686 738 1719 des
767 1680 966 1731 Pompeius
998 1687 1050 1720 im
1078 1687 1209 1721 Exsile
1241 1685 1362 1721 leben.
1415 1685 1550 1722 Cicero
1578 1684 1673 1720 mel-

209 1735 273 1770 det
298 1734 378 1769 ihm
406 1735 503 1768 ietzt
530 1735 634 1768 seine
659 1733 948 1783 Begnadigung.

307 1797 337 1829 1.
389 1797 443 1828 acl
465 1808 540 1841 aeq.
567 1796 696 1833 animi,
724 1806 811 1828 zum
839 1793 1129 1833 Gleichmuthe,
1155 1806 1225 1827 zur
1250 1792 1498 1829 Seelenruhe.
1529 1813 1569 1820 -—
1597 1794 1674 1839 Egi

212 1847 314 1878 tuam
341 1855 504 1885 causam,
542 1842 605 1876 ich
631 1842 727 1876 habe
756 1843 863 1876 mich
897 1845 961 1876 fiir
992 1843 1091 1877 Dich
1126 1843 1339 1885 verwandt,
1376 1841 1545 1875 n'zimlich
1572 1838 1672 1875 heim

211 1892 336 1928 C'zisar.
373 1910 414 1917 —
455 1903 564 1936 quam
602 1903 680 1924 mea
718 1895 827 1935 temp.
853 1890 983 1934 ser-eb„
1027 1890 1080 1925 als
1118 1891 1242 1925 meine
1269 1892 1371 1938 hage
1406 1902 1453 1923 zu
1488 1890 1670 1924 erlauben

209 1940 355 1982 schien,
385 1939 432 1974 da
461 1939 527 1972 ich
554 1938 668 1972 selbst
695 1939 757 1972 ein
785 1939 1041 1987 Begnadigter
1065 1950 1156 1972 war.
1196 1955 1242 1963 ω·
1272 1939 1434 1983 fortuna
1459 1941 1540 1984 ipsa
1567 1937 1669 1972 achil.

208 1992 355 2035 gratiae
381 2001 433 2030 n.,
473 1985 536 2020 das
559 1986 758 2021 Schicksal
800 1987 947 2021 ineiner
987 1986 1280 2034 gesrhw'a‘chten
1307 1983 1536 2021 Beliebtheit
1569 1984 1670 2019 beim

209 2039 322 2074 σάω
348 2034 383 2070 d.
410 2033 437 2069 i.
465 2034 528 2068 das
546 2035 701 2073 Geffihl,
729 2035 809 2069 dass
836 2035 899 2068 ich
925 2027 1032 2069 wohl
1057 2034 1229 2068 ‹losshaib
1252 2034 1363 2067 nicht
1383 2035 1468 2068 v1e1
1488 2036 1550 2066 ffir
1571 2033 1670 2066 nich

209 2084 433 2120 ausrichten
458 2081 604 2118 wiirde.
639 2100 689 2108 ⁴—-
731 2083 817 2117 Vidi
841 2088 912 2117 cet.
946 2083 1073 2118 Ueber
1098 2081 1193 2116 diess
1218 2082 1439 2127 Asyndeton
1466 2094 1493 2116 ε.
1519 2079 1668 2115 Ramsh.

208 2136 237 2179 ς.
263 2136 345 2174 206,
373 2133 416 2173 c,
441 2133 477 2173 2,
508 2133 552 2165 N.
581 2134 614 2167 2.

307 2182 340 2216 2.
392 2181 505 2214 habeo
531 2182 673 2225 implic.
701 2192 791 2215 cons.
819 2184 855 2214 et
881 2180 1009 2220 benev„
1043 2177 1129 2212 hab’
1161 2177 1225 2212 ich
1258 2175 1370 2212 recht
1402 2175 1565 2225 gelegen
1590 2175 1671 2209 und

214 2227 438 2266 erwiinscht
470 2227 513 2260 in
547 2228 698 2262 meiner
725 2228 888 2271 Gewalt,
923 2226 1046 2260 durch
1080 2226 1256 2274 Umgang
1286 2226 1364 2259 und
1399 2225 1670 2260 Wohlwollen

212 2290 261 2311 an
287 2275 392 2310 mich
419 2276 613 2323 gesesselt.
649 2277 688 2311 S.
718 2276 868 2310 Rainsh.
896 2278 921 2320 §.
951 2278 1032 2314 171,
1066 2272 1117 2315 II,
1145 2275 1188 2315 A,
1216 2278 1248 2310 2.
1287 2273 1434 2308 Grotef.
1462 2274 1488 2316 §.
1515 2275 1597 2308 324.
1621 2290 1670 2297 —-

214 2323 322 2372 qimm
349 2326 394 2358 ab
422 2327 491 2357 illo
516 2325 674 2365 discas,
702 2336 818 2358 wann
841 2323 896 2358 sie
923 2322 1032 2356 nicht
1058 2323 1158 2356 beiin
1187 2319 1299 2356 C‘a'sar
1324 2321 1420 2362 sind‚
1459 2320 1495 2358 d,
1523 2320 1548 2354 i.
1587 2319 1668 2353 dass

211 2373 277 2407 ich
309 2372 408 2406 nach
442 2373 557 2406 Casar
589 2372 662 2406 den
695 2371 876 2406 nachsten
904 2372 1005 2405 Platz
1040 2370 1080 2404 in
1112 2369 1226 2404 ihren
1259 2371 1413 2404 Herzen
1449 2365 1669 2403 einnehme.

210 2442 257 2448 -
285 2423 380 2468 quod
401 2423 436 2455 si
460 2421 555 2455 mihi
580 2432 643 2463 per
667 2433 720 2453 me
746 2426 815 2454 cet.
860 2420 995 2454 Sensus
1030 2424 1102 2453 est:
1141 2417 1243 2462 quod
1279 2417 1309 2451 si
1343 2411 1441 2450 mihi
1475 2426 1578 2448 nunc
1604 2411 1669 2449 de·

211 2482 316 2503 mum
344 2480 416 2514 per
448 2481 512 2503 me
549 2466 796 2502 efficiendum
832 2469 976 2508 fuisset,
1011 2473 1053 2500 ut
1079 2478 1099 2500 a
1125 2467 1251 2508 Pansa,
1292 2464 1419 2498 Hirtio
1455 2464 1668 2506 ceterisque

211 2515 444 2553 Caesarianis
474 2512 674 2564 diligerer,
712 2528 788 2550 non
823 2516 1040 2562 poeniteret
1077 2526 1137 2548 me
1162 2525 1233 2559 pro
1273 2513 1418 2546 ratione
1451 2517 1667 2556 temporum

212 2567 263 2599 ita
290 2577 368 2599 esse
396 2559 591 2599 molitum.
643 2562 716 2599 Sed
754 2563 854 2598 nihil
885 2563 952 2597 hic
987 2574 1079 2608 opus
1105 2560 1179 2595 fuit
1203 2560 1385 2606 temporis
1412 2567 1520 2593 causa
1547 2557 1669 2591 inser·

213 2614 321 2654 vire3
360 2619 514 2647 veteres
553 2613 653 2646 enim
692 2611 791 2645 mihi
825 2620 912 2646 cum
957 2611 1039 2644 illis
1078 2606 1372 2644 necessitudines
1409 2604 1665 2640 intercedunt.

215 2662 315 2696 SCH.
341 2679 388 2685 —
415 2663 580 2696 inservit.
614 2666 720 2705 temp.
754 2672 877 2702 causa,
918 2658 983 2694 ich
1008 2656 1105 2693 habe
1140 2656 1246 2691 mich
1271 2652 1382 2690 nicht
1407 2655 1476 2689 der
1500 2653 1668 2686 Zeitum·

213 2708 341 2743 stiinde
366 2719 509 2758 weg-eni
545 2720 592 2742 zu
619 2707 870 2757 deiniithigen
899 2707 1116 2749 brauchen3
1149 2716 1237 2739 nam
1264 2709 1336 2739 etc.
1372 2721 1419 2729 ·--
1454 2701 1667 2746 Principem,
