1795 3081
214 85 311 131 402
482 78 547 125 M.
582 79 635 126 T.
673 75 1015 126 CICERONIS
1050 76 1427 127 EPISTOLAE.

215 217 265 242 eo
305 202 389 240 hoc
428 201 638 252 primum:
680 197 857 248 „Paullo
895 205 991 235 ante
1029 211 1268 250 acceperam
1304 210 1375 236 eas
1415 188 1575 248 literas,
1633 198 1676 235 in

213 258 359 309 quihus
391 269 542 306 magno
572 267 692 305 opere
722 253 958 304 εοΙζῙίΓηιαῑ,
988 263 1084 291 ante
1112 254 1230 291 ludos
1260 251 1509 292 Ῑίοηῑιῑηοεῖ.ιζ
1564 252 1675 307 Legi

216 312 472 365 epistolam:
514 310 653 348 multa
684 307 736 347 (le
765 320 861 346 meo
885 308 1065 358 Catone,
1096 321 1182 360 quo
1210 307 1675 363 saepissimalegendo

218 381 262 407 se
292 366 402 405 dicit
432 366 725 418 copiosiorem
756 364 944 401 factum:
986 364 1114 402 Bruti
1149 364 1314 404 Catone
1351 364 1468 402 lecto
1509 376 1555 402 se
1591 362 1677 401 sibi

177 420 359 462 3visum
391 420 618 460 disertum.
678 416 819 469 [Tam]
851 431 902 457 ex
933 432 984 457 eo
1026 419 1216 473 cognovi
1254 419 1497 457 cretionem
1528 418 1679 458 Cluvii

216 500 271 507 —-
301 491 326 516 o
357 476 615 515 Vestorium
646 474 961 529 negligentem!
1003 499 1052 506 —
1086 474 1271 513 liberam
1311 474 1569 523 cretionem,
1613 478 1677 511 te-

217 533 357 572 stibus
386 530 705 584 praesentibus,
746 530 968 584 sexaginta
1001 527 1166 568 diebus.
1224 528 1478 568 llletuebam
1517 541 1570 567 ne
1599 527 1679 566 ille

218 585 502 627 arcessendus
545 591 668 624 esset.
727 583 855 623 Nunc
895 583 1159 623 mittendum
1202 590 1281 633 est,
1323 590 1374 622 ut
1420 596 1516 622 meo
1559 583 1680 621 iussu

219 649 384 683 cernat.
444 640 562 680 Idem
592 641 734 695 igitur
762 639 927 678 Pollex.
986 640 1128 678 Etiam
1173 638 1225 678 de
1268 639 1412 677 hortis
1452 638 1679 678 Cluvianis

219 700 289 753 egi
319 711 416 737 cum
446 697 613 744 Balbo,
658 695 771 733 nihil
800 695 1055 733 liberalius:
1088 707 1131 733 se
1163 695 1277 733 enim
1307 695 1454 733 statim
1489 692 1544 731 ad
1574 692 1680 732 Cae-

217 847 328 876 rum3
370 836 411 868 in
447 834 571 878 iisque
600 833 797 868 Ciceronis
834 833 1011 866 Catonem
1048 832 1229 865 laudasse.
1297 831 1442 865 Deinde
1478 843 1523 865 ex
1549 831 1680 864 eodem

216 885 332 917 Balbo
360 883 555 930 cognovit,
594 893 688 925 quae
725 881 770 914 de
806 882 979 914 cretione
1017 881 1146 913 Cluvii
1182 885 1324 913 narrat.
1364 879 1463 912 SGH.
1506 879 1593 926 Vgl.
1622 890 1678 923 ep.

215 934 299 974 628,
336 935 369 966 1.
409 933 454 964 M.
491 930 677 964 Aemilius
712 930 870 973 Lepidus
903 940 986 963 war
1025 928 1117 961 ietzt
1155 927 1335 974 magister
1370 928 1542 970 equitum
1576 927 1680 960 beim

217 980 340 1024 insar.
392 980 448 1012 Er
481 980 528 1011 ist
563 978 634 1011 der
671 976 908 1023 nachherige
947 976 1157 1009 Triumvir.
1191 994 1237 1000 —
1278 976 1336 1008 Ex
1371 988 1423 1016 ec,
1461 974 1578 1008 Balbo
1615 975 1681 1007 hoc

217 1028 320 1072 (haec
345 1027 418 1061 Md.
446 1027 560 1067 Ball.)
594 1027 753 1067 primum
787 1025 964 1072 cognovi.
1000 1043 1046 1048 —
1080 1035 1300 1067 acceperam,
1335 1021 1422 1056 Sch.
1451 1023 1552 1056 coni.
1581 1022 1678 1058 Liin.

217 1080 418 1121 acceperat,
451 1080 494 1107 ut
518 1073 634 1107 verba
659 1073 734 1106 sint
760 1072 970 1114 Ciceronis,
1003 1083 1079 1106 non
1104 1071 1223 1104 Balbi.
1264 1071 1335 1106 OR.
1372 1089 1417 1095 ·-—
1456 1083 1515 1104 eas
1540 1072 1682 1109 literas,

218 1124 306 1157 sch.
332 1134 431 1167 susp.
462 1124 629 1156 Caesaris
653 1124 782 1155 literas
810 1124 884 1155 ΟΒ.
910 1139 957 1144 -
990 1123 1108 1155 malta
1134 1119 1174 1152 in
1199 1118 1258 1151 his
1284 1118 1410 1152 literis
1445 1120 1486 1152 (le
1510 1131 1588 1152 meo
1614 1118 1682 1151 Ca-

220 1178 304 1205 tone
338 1172 536 1218 leguntur,
571 1168 711 1214 scripta
745 1174 844 1204 sunt.
893 1168 1019 1202 Ueber
1047 1168 1135 1201 Cato
1172 1167 1235 1201 des
1272 1166 1409 1200 Cicero
1443 1178 1471 1202 s.
1506 1178 1564 1211 ep.
1598 1168 1680 1201 538.

218 1222 302 1263 llll-5,
328 1221 361 1254 2.
388 1222 469 1258 449,
493 1220 525 1253 2.
560 1220 644 1255 567,
671 1221 700 1252 1.
735 1217 828 1265 Vgl.
855 1218 937 1257 570,
963 1219 996 1251 ll.
1023 1219 1104 1257 574,
1131 1219 1162 1251 1.
1187 1234 1227 1240 —
1250 1215 1531 1259 quo-degendo,
1558 1212 1681 1247 durch

221 1268 354 1301 dessen
381 1269 521 1302 'ofteres
548 1266 682 1299 Lesen.
697 1267 850 1298 —dicit
870 1264 1014 1297 Caesar.
1036 1283 1075 1289 —
1097 1266 1346 1307 copiosiorem,
1373 1261 1681 1306 spraehreicher.

219 1335 266 1341 --
292 1318 398 1349 Bruti
425 1316 561 1348 Catone
593 1313 615 1346 i.
646 1325 676 1347 e.
706 1312 754 1345 M.
783 1313 894 1345 Bruti
921 1311 1019 1345 libro
1053 1311 1098 1344 de
1136 1310 1311 1343 laudibus
1346 1309 1498 1343 Catonis
1524 1310 1682 1354 scripto,

219 1365 317 1398 sicut
342 1363 480 1397 Fabius
508 1361 623 1395 etiam
652 1361 785 1394 Gallus
813 1360 1018 1405 scripserat
1044 1358 1092 1392 ad
1114 1357 1252 1392 Famil.
1270 1358 1353 1400 Vll,
1372 1359 1419 1393 25
1444 1357 1501 1398 (h.
1519 1357 1576 1391 ed.
1594 1360 1682 1399 639)

219 1413 429 1446 commo.
465 1410 501 1444 s.
529 1420 586 1453 ep.
614 1410 695 1444 538.

314 1485 347 1518 3.
401 1482 522 1526 [Tam]
550 1492 637 1513 cum
664 1479 750 1514 sch.
778 1479 874 1512 Liin.
910 1478 1055 1512 inserui
1082 1477 1127 1512 de
1154 1475 1313 1511 Graevii
1339 1488 1436 1522 susp.
1464 1477 1682 1522 absorptum

220 1544 239 1566 a
267 1530 412 1577 syllaba
438 1530 612 1575 praeced.
643 1530 715 1562 ΟΒ.
743 1547 790 1553 --
816 1540 855 1561 ex
881 1540 933 1568 eo,
960 1526 1087 1559 Balbo.
1115 1543 1158 1551 -
1186 1531 1267 1559 cret.
1297 1525 1428 1567 Cluvii,
1453 1525 1528 1559 wie
1554 1536 1591 1559 es
1617 1537 1682 1558 um

220 1580 283 1613 das
309 1579 528 1612 Testament
554 1577 616 1611 des
645 1577 806 1610 Cluvius
833 1575 943 1610 steht.
983 1574 1018 1608 S.
1046 1573 1168 1620 vorig.
1196 1573 1258 1608 Br.
1286 1574 1314 1617 §.
1341 1574 1373 1608 2.
1411 1591 1453 1599 -
1498 1568 1685 1620 negligen-

219 1634 303 1669 tem,
330 1627 433 1670 quod
458 1637 517 1659 me
545 1625 590 1659 de
616 1625 688 1658 hac
715 1636 756 1658 re
783 1623 985 1657 certiorem
1013 1632 1091 1655 non
1117 1621 1266 1655 fecerit.
1294 1622 1392 1655 SCH.
1409 1640 1456 1647 -
1481 1622 1571 1654 liber
1596 1626 1683 1655 cret.

222 1677 423 1716 ...diebus,
460 1674 541 1706 dass
577 1673 747 1705 n‘a'mlich
786 1672 860 1705 den
895 1670 1026 1704 Erben
1066 1669 1106 1702 in
1146 1669 1383 1716 Gegenwart
1425 1668 1495 1702 der
1527 1670 1683 1716 Zeugen

220 1723 395 1770 sechszig
420 1722 522 1769 Tage
548 1721 806 1767 zugestanden
840 1718 1012 1758 worden,
1049 1716 1131 1750 sich
1166 1717 1260 1750 iiber
1291 1717 1351 1750 die
1377 1715 1580 1750 Annahme
1614 1717 1684 1750 der

221 1769 426 1805 Erbschaft
459 1782 506 1801 zu
541 1769 732 1803 erkl‘a'ren.
772 1770 926 1801 liberam
952 1769 1147 1799 cretionem
1183 1765 1247 1798 vel
1281 1776 1376 1805 eam,
1414 1763 1479 1796 ubi
1506 1763 1544 1796 in
1569 1769 1684 1798 testa-

220 1824 350 1852 mento
376 1818 432 1851 sic
458 1817 644 1861 scriptum
673 1821 764 1856 erat,
802 1820 845 1848 ut
870 1815 984 1848 heres
1008 1812 1263 1846 hereditatem
1292 1817 1398 1845 certo
1425 1811 1574 1844 dierum
1601 1823 1684 1856 spa-

220 1866 275 1899 tio
308 1870 503 1900 cerneret:
548 1865 723 1908 QUIBUS
747 1864 940 1897 SCIERIT
964 1860 1284 1902 POTERITQUE‚
1321 1869 1417 1902 quae
1443 1859 1564 1893 cretio
1590 1859 1684 1892 alias

220 1914 363 1946 dicitur
386 1915 551 1958 vulgaris
576 1918 613 1945 et
639 1911 850 1957 opponitur
877 1914 1071 1944 continuae
1087 1923 1096 1940 :
1134 1908 1197 1941 vel
1225 1919 1321 1949 eam,
1354 1918 1451 1951 quae
1477 1906 1600 1941 libera
1627 1918 1684 1941 es-

220 1967 276 1995 set
302 1975 322 1995 a
349 1962 484 2005 quovis
511 1972 628 1994 onere
653 1961 717 1993 vel
742 1959 912 1992 mutandi
949 1957 1112 1991 nominis
1147 1955 1210 1989 vel
1248 1954 1532 2003 gentilitiorum
1558 1966 1683 1988 sacro-

220 2020 330 2050 rum,
374 2009 474 2042 unde
521 2008 742 2041 huiusmodi
779 2007 972 2040 hereditas
1016 2005 1161 2038 dicitur
1204 2006 1282 2036 sine
1330 2006 1445 2037 sacris
1487 2002 1679 2037 hereditas.

221 2057 336 2090 Prior
361 2056 458 2090 mihi
484 2057 583 2090 ratio
610 2057 741 2089 verior
768 2055 930 2089 videtur.
961 2055 1064 2087 SCH.
1093 2069 1135 2077 —
1162 2063 1291 2086 arceSS.
1319 2056 1420 2091 esset,
1454 2050 1683 2092 metuebam,

221 2116 268 2138 ne
298 2105 506 2145 Vestorius,
534 2104 717 2148 quoniam
744 2103 849 2135 nihil
883 2103 929 2136 de
957 2101 1086 2135 Cluvii
1123 2099 1335 2132 hereditate
1362 2099 1408 2132 ad
1433 2110 1494 2132 me
1520 2098 1683 2143 scripse-

223 2156 294 2191 rat,
318 2152 366 2185 ad
392 2164 454 2185 me
482 2152 697 2185 Lanuvium
726 2150 970 2184 arcessendus
998 2154 1101 2183 esset.
1130 2148 1231 2182 SCH.
1252 2164 1293 2171 —
1315 2148 1532 2180 mittendum
1558 2152 1610 2180 est
1635 2146 1682 2179 ad

221 2200 449 2233 Vestorium.
485 2200 610 2240 „Ietzt
636 2212 736 2232 muss
764 2199 825 2232 ich
853 2199 967 2231 einen
994 2197 1177 2230 Eilboten
1202 2207 1249 2227 zu
1276 2193 1356 2227 ihm
1383 2194 1609 2228 schicken.“
1634 2212 1681 2219 -

222 2253 261 2280 ut
287 2261 362 2281 meo
392 2250 491 2281 iussu
519 2253 653 2286 cernat,
680 2247 759 2279 dass
787 2259 829 2280 er
855 2247 895 2278 iu
922 2245 1090 2278 mcinem
1118 2245 1269 2276 Namen
1296 2242 1358 2276 die
1385 2241 1588 2275 Erbschaft
1613 2254 1681 2274 an-

220 2300 342 2336 trete3
378 2294 496 2327 damit
523 2295 632 2328 nicht
657 2295 726 2328 der
750 2295 910 2327 Ter-min
947 2305 1022 2327 von
1058 2295 1104 2326 (30
1129 2292 1259 2338 Tagen
1292 2290 1465 2323 verlaufe
1498 2289 1577 2322 und
1615 2290 1679 2322 ich

219 2354 296 2377 von
324 2343 392 2376 der
418 2342 620 2375 Erbschast
645 2341 955 2388 ausgeschlossen
981 2340 1121 2374 werde.
1148 2357 1193 2364 —
1218 2340 1378 2378 1dem..‚
1394 2338 1513 2371 Pollex
1537 2337 1582 2370 ad
1608 2338 1679 2370 Ve-

221 2390 380 2424 storium
407 2390 582 2423 mittetur
608 2386 792 2423 Puteolos.
825 2409 863 2415 —
892 2390 931 2421 de
956 2389 1085 2427 hortis,
1112 2384 1377 2420 vermuthlich
1405 2384 1465 2417 ein
1493 2396 1563 2417 zur
1588 2385 1679 2418 Clu-

220 2436 378 2471 vischen
403 2437 606 2470 Erbschaft
630 2437 834 2485 geliiiriges
859 2436 1124 2470 Suburbanum
1163 2434 1202 2466 in
1239 2433 1307 2467 der
1332 2431 1438 2466 N'ahe
1471 2443 1545 2465 von
1571 2431 1678 2474 Rom,

220 2485 352 2519 dessen
377 2484 459 2518 sich
487 2485 619 2519 Cicero
647 2496 765 2532 gerne
791 2485 1007 2518 versichert
1031 2483 1144 2515 liiitte.
1181 2498 1224 2506 —
1260 2481 1360 2514 nihil
1380 2481 1580 2518 liberalius,
1612 2491 1678 2527 ge-

217 2533 376 2580 f'alliger
402 2533 505 2565 kann
530 2545 617 2565 man
643 2533 727 2566 sich
754 2532 863 2565 nicht
890 2533 1083 2572 erkffiren,
1109 2530 1162 2562 als
1181 2529 1317 2562 Balbus
1334 2527 1428 2561 that.
1462 2527 1526 2562 Sic
1547 2527 1674 2560 hamb.

217 2582 332 2614 Balbo
356 2582 574 2614 illiberalia-s
601 2581 624 2614 i.
653 2593 683 2614 e.
714 2583 772 2614 m‘l
794 2583 979 2614 liberalius
1007 2581 1135 2624 Margo
1162 2577 1261 2611 Crat.
1287 2576 1424 2617 Balh05
1457 2577 1518 2609 ille
1544 2575 1676 2608 libera-

217 2629 289 2661 lius
316 2628 470 2662 Coi-rad.
507 2640 604 2673 susp.
639 2628 747 2673 prob.
782 2628 870 2664 Sch.
897 2630 1033 2666 Balh03
1068 2627 1284 2664 liberatam,-
1316 2625 1410 2657 Man.
1439 2622 1528 2659 Sch.
1557 2622 1614 2656 ed.
1640 2624 1674 2657 2.

217 2675 375 2709 Liinem.
401 2677 516 2709 Balbo
540 2679 748 2710 liberalius.-
776 2676 873 2710 Cett.
902 2687 988 2708 cum
1017 2675 1089 2708 Md.
1118 2674 1233 2706 Oxou.
1250 2675 1281 2705 1.
1296 2673 1329 2705 2.
1351 2672 1424 2705 ΟΒ.
1445 2689 1492 2695 -
1515 2673 1675 2714 scriptu-

216 2735 309 2759 rum,
346 2723 512 2756 n'a‘mlich
553 2725 708 2757 meiuen
743 2723 920 2759 VVunsoh
959 2724 998 2755 in
1027 2719 1207 2754 Hinsicht
1242 2719 1343 2752 ienes
1377 2718 1598 2752 Suburbani.
1630 2737 1672 2741 —
