1795 3081
427 56 747 106 EPISTOLA
780 55 939 106 DLV.
973 57 1150 105 DLVI.
1434 60 1531 106 283

71 184 346 227 existimare,
379 182 427 219 in
456 178 714 232 Hispaniam
744 176 798 217 ad
828 183 892 227 te,
926 180 1113 218 maxime
1142 179 1219 218 ille
1248 180 1424 233 quidem
1453 194 1532 221 suo
1575 186 1578 190 ’

72 239 277 283 consilio,
325 234 398 276 sed
433 237 563 274 etiam
600 247 668 272 me
707 239 885 272 auctore
921 238 985 271 est
1024 236 1259 287 profectus
1328 236 1412 276 Cui
1452 249 1531 291 ego

73 292 492 332 commendationem
522 302 608 327 non
640 302 736 327 sum
765 288 1013 341 pollicituS,
1052 303 1135 327 non
1166 292 1272 342 quin
1302 303 1396 329 eam
1424 293 1532 331 vali-

72 356 221 388 turam
252 346 368 400 apud
398 353 441 385 te
471 345 730 393 arbitrarer,
761 342 836 382 sed
868 356 1010 396 neque
1040 357 1168 398 egere
1189 345 1295 384 mihi
1316 359 1533 386 commen-

73 403 246 442 datione
275 401 516 444 videbatur,
550 401 625 451 qui
655 406 699 438 et
728 400 772 437 in
803 399 914 437 bello
946 404 1087 438 tecum
1117 400 1270 439 fuisset
1289 407 1332 441 et
1351 408 1535 455 propter

75 459 332 497 memoriam
363 454 509 495 Crassi
538 453 590 493 de
620 455 707 493 tuis
736 467 850 493 unus
881 459 1010 499 esset,
1050 461 1112 505 et,
1151 456 1188 493 si
1218 457 1283 495 uti
1313 470 1533 496 commen-

76 513 325 552 dationibus
363 511 517 559 vellet,
561 511 691 548 etiam
729 522 808 562 per
843 509 951 548 alios
989 522 1086 548 eum
1124 510 1325 550 videbam
1355 511 1401 551 id
1431 525 1533 551 con-

75 570 202 622 sequi
240 580 378 621 posse.
437 564 760 604 Testimonium
799 565 884 602 mei
927 563 979 603 de
1019 578 1069 604 eo
1111 565 1293 615 iudicii,
1339 566 1456 619 quod
1492 573 1536 607 et

75 626 170 677 ipse
198 624 343 677 magni
371 621 626 660 aestimabat
660 626 702 659 et
731 632 808 673 ego
839 619 955 672 apud
984 624 1026 658 te
1055 621 1202 660 valere
1231 634 1349 660 eram
1383 634 1536 675 exper-

76 685 168 724 tus,
215 678 253 716 ei
284 677 470 715 libenter
506 674 618 715 dedi.
676 665 863 715 Docufi'u
904 676 1045 728 igitur
1082 676 1306 716 hominem
1347 678 1537 730 cognovi

78 739 122 773 et
151 730 308 772 studiis
338 732 517 783 optimis
560 729 775 779 deditum,
819 729 952 782 idque
991 743 1015 768 a
1053 744 1206 783 puero.
1267 731 1379 770 Nam
1419 732 1537 772 domi

76 801 196 827 meae
234 800 333 826 cum
372 784 560 825 Diodoto
598 784 772 836 Stoico,
820 785 997 824 homine
1041 799 1135 825 meo
1180 785 1345 825 iudicio
1391 787 1539 826 erudi-

77 844 269 892 tissimo,
314 843 502 881 multum
544 854 568 879 a
609 854 745 894 puero
785 841 882 879 fuit.
949 840 1078 879 Nunc
1119 847 1287 890 autem,
1332 844 1539 882 incensus

77 895 220 937 studio
252 910 399 935 rerum
429 902 624 941 tuarum,
665 910 736 936 eas
775 895 915 935 literis
946 894 1125 934 Graecis
1154 896 1358 935 mandare
1389 900 1540 950 cupie-

78 954 163 992 bat.
232 953 363 991 Posse
407 952 625 990 arbitror:
678 951 797 991 valet
838 952 1034 1004 ingenio:
1088 951 1216 990 habet
1256 965 1405 991 usum:
1451 955 1538 992 iam

79 1007 250 1061 pridem
280 1009 325 1045 in
355 1020 403 1046 eo
433 1018 589 1061 genere
621 1005 756 1045 studii
786 1005 1102 1058 literarumque
1141 1013 1364 1047 versatur:
1414 1011 1540 1048 satis-

80 1064 224 1101 facere
280 1062 604 1101 immortalitati
656 1061 833 1100 laudum
876 1068 1050 1099 tuarum
1093 1062 1357 1101 mirabiliter
1400 1066 1537 1117 cupit.

79 1118 229 1156 Habes
264 1118 480 1170 opinionis
520 1129 638 1155 meae
674 1117 996 1155 testimonium:
1049 1115 1124 1154 sed
1164 1124 1213 1155 tu
1250 1117 1331 1155 hoc
1368 1121 1540 1158 facilius

80 1173 220 1212 multo
260 1185 340 1225 pro
379 1179 452 1210 tua
491 1171 704 1226 singulari
735 1170 969 1223 prudentia
1004 1170 1231 1210 iudicabis,
1290 1172 1343 1212 Et
1381 1182 1542 1225 tamen,

81 1226 197 1281 quod
226 1239 504 1279 negaveram,
535 1225 789 1265 commendo
819 1227 902 1265 tibi
932 1240 1044 1266 eum.
1106 1226 1329 1279 Quidquid
1360 1230 1401 1268 ei
1429 1242 1544 1270 com-

80 1282 337 1328 modaveris,
370 1283 456 1321 erit
484 1280 530 1320 id
560 1281 662 1318 milti
689 1283 903 1321 maiorem
933 1283 980 1320 in
1009 1280 1186 1320 modum
1214 1289 1405 1338 gratum.

86 1410 406 1460 EPISTOLA
459 1411 642 1460 DLVI.
730 1410 812 1470 (ad
848 1413 950 1460 Att.
985 1412 1094 1459 XII.
1134 1414 1199 1459 34
1235 1421 1281 1458 et
1316 1415 1378 1461 35
1415 1414 1546 1475 init.)

229 1499 308 1534 Ser.
336 1500 494 1534 Asturae
521 1512 651 1534 mense
679 1500 809 1545 Aprili
836 1500 879 1534 A.
906 1501 951 1535 U.
980 1500 1019 1536 G.
1046 1502 1125 1536 709.
1177 1502 1227 1543 (a.
1255 1499 1295 1534 C.
1325 1502 1403 1545 45.)

253 1570 402 1605 Scribit
426 1583 465 1605 se
493 1572 534 1604 in
560 1571 693 1605 Siccae
719 1572 985 1605 suburbanum
1010 1580 1236 1606 venturum.
1265 1575 1376 1608 1-3.

589 1643 769 1677 CICERO
797 1643 975 1678 ATTICO
1001 1643 1038 1678 S.

199 1705 289 1760 Ego
306 1704 378 1744 hic
401 1704 470 1744 vel
495 1706 587 1744 sine
605 1703 730 1743 Sicca
746 1724 803 1730 —-
819 1703 977 1743 Tironi
1007 1706 1121 1745 enim
1151 1705 1309 1745 melius
1329 1712 1393 1746 est
1408 1729 1462 1735 —
1482 1709 1549 1750 fa-

89 1761 249 1800 cillime
280 1765 448 1812 possem
477 1773 582 1805 esse,
614 1759 725 1797 utin
748 1759 895 1798 malis:
928 1760 1018 1810 sed,
1049 1773 1183 1813 quum
1208 1762 1372 1801 scribas
1394 1763 1549 1803 viden-

89 1815 190 1853 dum
219 1816 326 1853 mihi
356 1828 463 1865 esse,
495 1829 548 1855 ne
576 1815 826 1867 opprimam
858 1828 910 1853 ex
934 1829 1020 1868 quo
1045 1816 1290 1869 intelligam
1314 1823 1355 1856 te
1380 1825 1548 1860 certum

90 1870 204 1909 diem
242 1871 362 1910 illius
393 1871 675 1924 profectionis
706 1882 793 1908 non
825 1870 1008 1911 habere:
1049 1873 1203 1924 putavi
1234 1884 1328 1910 esse
1359 1885 1552 1915 commo-

93 1986 199 2030 quz'n‚
238 1982 351 2015 nicht
376 1982 429 2014 als
465 1981 510 2015 ob
543 1981 668 2016 nicht.
722 1982 758 2017 S.
786 1983 940 2017 Ramsh.
970 1983 999 2026 §.
1027 1986 1108 2020 186.
1159 1984 1305 2019 Grotef.
1332 1986 1360 2028 §.
1387 1988 1468 2022 394.
1502 2007 1552 2017 ..-

92 2034 156 2076 qui
179 2041 227 2062 ..τ
253 2041 372 2074 quum
401 2030 431 2062 is
459 2035 492 2063 et
517 2033 557 2062 in
585 2031 675 2064 bello
703 2038 771 2066 cet.

185 2081 218 2112 ll.
269 2077 417 2112 Diodot.
444 2078 563 2117 Stoic„
591 2078 758 2112 Cicero⁷s
786 2079 937 2113 Lehrer
963 2079 1004 2111 in
1032 2079 1102 2113 der
1127 2079 1346 2121 Dialektik‚
1372 2083 1553 2118 welche?

93 2125 344 2171 behauptete:
381 2139 403 2158 α
436 2138 507 2159 non
544 2139 612 2160 csse
647 2129 697 2160 ad
727 2140 797 2161 non
828 2140 927 2171 posse
958 2140 1030 2161 ηοη
1057 2129 1153 2161 valet
1178 2135 1439 2173 consequentia.
1492 2132 1553 2165 Ει·

94 2174 196 2207 starb
224 2175 277 2206 im
305 2174 333 2207 I.
361 2173 400 2207 R.
429 2176 507 2209 695.
558 2175 592 2209 S.
620 2176 665 2208 ad
691 2175 839 2208 Divers.
869 2175 930 2215 IX,
957 2178 990 2211 ll.
1034 2176 1079 2208 ad
1106 2176 1220 2209 Attio.
1247 2177 1301 2217 Π,
1328 2180 1387 2213 20.
1439 2180 1550 2214 Brut.

93 2225 153 2263 90,
181 2225 263 2257 309.
313 2221 452 2256 Acadd.
480 2221 555 2263 lV,
581 2224 648 2264 36,
677 2226 755 2258 115.
807 2223 960 2259 Tuscul.
990 2223 1160 2267 Disputt.
1188 2224 1240 2263 V,
1266 2227 1322 2261 39.
1357 2245 1404 2251 —
1449 2229 1549 2263 laud.

92 2275 205 2311 tuan,
230 2269 377 2303 Deiner
403 2269 656 2303 riihmlichen
674 2271 835 2304 Thaten.
864 2272 1112 2315 Metonymie,
1164 2270 1200 2304 S.
1230 2272 1379 2309 Ramsh.
1408 2278 1437 2316 §.
1466 2277 1552 2316 203,

94 2320 130 2356 2,
160 2329 188 2351 e.
227 2336 268 2342 —
307 2319 485 2362 cupiebat.
520 2318 617 2350 Ern.
653 2320 752 2352 coni.
778 2319 866 2353 Sch.
893 2320 987 2353 Liin.
1016 2322 1126 2361 cupit.
1152 2338 1196 2344 ·—
1224 2322 1326 2354 mihi.
1380 2322 1445 2355 Sic
1470 2325 1550 2357 Bos.

95 2365 224 2398 hamb.
251 2365 406 2412 (Beng.)
434 2377 506 2398 om.
534 2367 627 2400 mihi
653 2367 780 2401 Ceteri
808 2378 894 2399 cum
923 2367 993 2400 Md.
1041 2367 1115 2401 Sed
1142 2369 1214 2404 cfr.
1239 2367 1317 2403 Lib.
1348 2373 1413 2411 13,
1439 2373 1485 2405 20
1512 2378 1551 2405 et

94 2414 152 2448 35.
202 2413 298 2446 Item
327 2413 432 2449 alibi,
489 2414 560 2448 ΟΒ.

190 2464 222 2494 1.
270 2460 351 2505 Ego
377 2460 446 2499 lzic,
473 2462 640 2497 Asturae.
674 2481 715 2487 ——
743 2468 783 2495 ut
809 2465 848 2495 in
875 2465 984 2496 malis
1007 2475 1056 2496 =
1080 2475 1151 2507 pro
1178 2464 1309 2504 malis,
1346 2465 1386 2498 in
1414 2467 1551 2509 quibus

96 2518 249 2548 versor,
277 2509 316 2540 in
345 2509 529 2542 Hinsicht
556 2511 619 2543 des
648 2510 809 2543 elenden
835 2511 1062 2550 Zustandes‚
1090 2513 1219 2546 worin
1246 2512 1310 2545 ich
1339 2514 1427 2552 bin3
1463 2526 1551 2547 ver·

96 2556 211 2602 mbge
249 2556 401 2589 meiner
438 2558 750 2604 ungliicklichen
790 2559 900 2604 Lege.
942 2577 985 2582 —
1023 2572 1065 2592 ne
1103 2563 1295 2604 opprimar
1332 2572 1350 2592 a
1386 2562 1553 2594 Publilia

96 2610 234 2644 matre,
262 2604 369 2636 cuius
398 2615 645 2651 congressum
672 2605 798 2638 vitare
826 2606 989 2640 volebat.
1041 2607 1144 2643 SCH.
1195 2608 1231 2641 S.
1261 2620 1321 2651 ep.
1344 2609 1421 2647 DL,
1453 2614 1480 2644 l.
1513 2626 1553 2634 --

96 2653 314 2697 intelligam.
366 2653 424 2684 An
452 2654 727 2698 intelligebam?
757 2653 947 2686 OPAELLJ.
967 2672 1008 2679 —-
1036 2657 1138 2688 illius
1161 2655 1334 2701 profect„
1361 2668 1423 2690 wo
1451 2657 1552 2697 iene,

95 2697 158 2731 die
184 2699 371 2740 Publilia,
416 2699 535 2734 deren
562 2701 710 2735 mutter
735 2702 816 2735 und
842 2701 990 2735 Bruder
1016 2715 1064 2735 zu
1090 2703 1170 2737 mir
1194 2703 1293 2737 nach
1322 2704 1459 2738 Astura
1491 2705 1553 2737 ab·
