1795 3081
542 47 860 99 EPISTOLA
893 50 1091 101 DXLII.
1455 58 1554 105 263

95 174 224 216 habet
263 173 311 213 in
340 171 532 214 Ostiensi
567 171 693 214 Cotta
736 171 1019 213 celeberrimo
1064 175 1183 225 1000,
1226 173 1303 215 sed
1343 175 1554 230 pusillum

94 231 208 271 locit
252 227 307 269 ad
334 229 447 269 hanc
475 241 570 268 rem
598 231 741 271 tamen
771 229 870 281 plus
899 231 1031 268 etiam
1061 232 1179 270 satis.
1237 229 1289 270 Id
1316 232 1450 272 velim
1481 246 1554 272 co-

93 287 217 341 gites.
275 284 370 325 Nec
399 291 544 324 tamen
572 283 656 323 ista
684 285 828 337 pretia
855 284 1086 325 hortorum
1115 287 1412 339 pertimueris.
1456 286 1552 328 Nec

93 342 205 380 mihi
247 341 334 380 iam
364 346 542 396 argento
582 351 663 378 nec
701 344 822 379 veste
865 352 976 392 opus
1023 346 1089 380 est
1135 355 1215 381 nec
1259 342 1550 396 quibusquam

94 397 292 437 amoenis
321 396 450 436 locis:
482 396 565 435 hoe
594 407 707 447 opus
738 399 816 436 est.
874 393 1021 436 Video
1052 397 1205 446 etiam,
1237 410 1262 435 a
1291 399 1447 450 quibus
1476 397 1551 437 ad-

93 453 247 491 iuvari
285 453 461 506 possim.
517 448 607 490 Sed
641 449 823 503 loquere
864 463 963 491 cum
994 450 1116 491 Silio.
1176 451 1301 491 Nihil
1341 454 1458 492 enim
1487 459 1554 493 est

91 507 265 547 melius.
319 505 536 548 Mandavi
563 506 698 546 etiam
711 504 875 546 Siccae.
919 505 1162 561 Rescripsit
1190 509 1477 548 constitutum
1505 520 1552 548 se

91 575 194 602 cum
225 573 275 601 eo
302 561 476 604 habere.
531 559 705 602 Scribet
733 561 875 616 igitur
902 561 959 602 ad
987 576 1081 613 me,
1111 562 1217 618 quid
1246 565 1400 619 egerit,
1431 569 1475 603 et
1501 569 1551 604 tu

88 616 276 660 videbis.

237 753 561 805 EPISTOLA
595 754 797 803 DXLII.
844 753 929 815 (ad
963 754 1065 816 Att.
1101 756 1206 804 XII.
1240 756 1346 815 24.)

225 842 312 881 scr.
336 843 498 879 Asturae
524 854 656 879 mense
679 843 821 878 Martio
847 843 893 878 A.
921 844 966 880 U.
994 844 1034 884 c,
1062 847 1142 881 709.
1194 845 1246 887 (a.
1273 843 1314 878 o.
1342 844 1421 887 45.)

91 917 147 952 De
173 915 266 950 Silii
294 922 332 950 et
346 915 463 950 Oviae
490 916 672 964 negotio;
698 917 746 950 de
765 916 966 951 Ciceronis
994 917 1069 950 filii
1097 917 1244 950 itinere
1269 914 1551 956 inGraeciam;

91 965 138 999 de
165 964 328 998 Publilii
353 964 600 1008 profectione
626 965 670 997 in
694 964 881 999 Africam.
911 967 941 999 1.
970 965 1016 998 de
1043 964 1327 1008 quaestionibus
1353 963 1551 997 historicis

91 1012 332 1059 quibusdam.
357 1013 391 1048 2.
418 1011 465 1047 de
487 1011 675 1058 Cispianis
710 1018 749 1093 (it
760 1012 968 1096 dlfreeignis
996 1013 1163 1061 negotiis
1192 1019 1231 1047 et
1259 1011 1410 1048 Atticae
1445 1011 1550 1045 vale-

733 1072 758 1093 u
787 1071 863 1095 ine.
915 1088 923 1095 .

594 1130 775 1166 eiCERo
799 1131 981 1165 ATTICO
998 1103 1045 1165 s.

199 1204 318 1244 Bene
336 1203 443 1243 fecit
454 1201 505 1243 A.
521 1201 673 1251 Silius,
702 1205 779 1258 qui
803 1204 1090 1258 transegeritt
1120 1217 1263 1257 neque
1289 1204 1405 1243 enim
1424 1204 1463 1243 ei
1481 1201 1552 1243 de-

89 1272 184 1301 esse
211 1260 413 1301 volebam
442 1265 510 1310 et,
543 1258 648 1312 quid
676 1272 872 1314 possem,
913 1259 1135 1299 timebam.
1193 1259 1260 1299 De
1292 1258 1416 1304 Ovia‚
1448 1272 1554 1298 con-

88 1317 193 1362 fiee,
231 1320 283 1355 ut
312 1314 482 1354 scribis.
539 1315 608 1354 De
638 1315 869 1362 Cicerone,
912 1321 1083 1370 tempus
1113 1327 1208 1355 esse
1236 1316 1325 1354 iam
1354 1313 1550 1354 videtur:

89 1452 182 1487 Vid.
209 1462 268 1496 pr.
296 1451 420 1485 Domo
447 1461 480 1485 c,
505 1453 562 1486 26.
590 1452 636 1486 ad
656 1452 806 1486 Divers.
833 1452 887 1492 ΙΙ,
914 1453 972 1486 21.
999 1470 1047 1477 —
1074 1452 1115 1485 Si
1137 1451 1212 1484 nih.
1241 1450 1335 1496 conf.
1362 1452 1403 1485 ‹le
1423 1453 1553 1487 Trans-

89 1502 179 1541 tib„
214 1499 298 1532 scil.
324 1499 468 1540 hortis,
505 1510 625 1533 wenn
651 1500 729 1535 wir
754 1500 900 1533 keinen
926 1511 1002 1533 von
1029 1499 1102 1533 den
1129 1499 1274 1533 G'arten
1302 1500 1460 1534 ienseits
1486 1501 1554 1535 der

90 1547 211 1582 Tiber
235 1545 469 1580 bekommen
494 1547 666 1581 kb'nnen.
703 1547 740 1581 S.
757 1559 817 1592 ep.
837 1549 919 1587 538,
945 1549 978 1582 2.
1005 1549 1087 1588 535,
1113 1550 1148 1581 1.
1174 1566 1220 1572 -
1246 1548 1352 1582 hahet
1375 1548 1552 1584 hortum.

89 1613 138 1622 ·-
163 1595 286 1635 celeb„
313 1594 405 1627 sehr
430 1594 641 1628 besuchten
667 1595 757 1629 Orte
785 1596 846 1628 bei
873 1596 987 1629 Ostia.
1012 1615 1058 1620 —
1084 1598 1147 1629 sed
1165 1608 1248 1641 pus.
1276 1598 1367 1636 loci,
1393 1597 1484 1631 aber
1511 1608 1553 1630 er

88 1642 159 1677 hat
192 1655 240 1676 zu
273 1641 405 1690 wenig
430 1642 566 1677 Raum.
591 1661 637 1667 —
674 1644 724 1675 ad
746 1642 778 1675 h.
806 1655 903 1683 rem,
934 1656 983 1676 zu
1009 1644 1154 1677 diesem
1180 1644 1360 1678 Zwecke.
1388 1663 1434 1670 —
1469 1647 1555 1689 plus

90 1691 174 1725 scil.
213 1689 292 1724 loci
327 1701 441 1734 quam
469 1694 573 1725 satis.
614 1689 680 1723 cd.
716 1689 899 1724 Tornaes.
935 1691 1100 1725 Crusell.
1132 1691 1267 1740 Margo
1302 1692 1405 1727 Orat.
1441 1697 1554 1727 etiam

93 1750 202 1785 quam
227 1740 333 1771 satis.
359 1755 405 1762 -
432 1741 506 1772 ista
527 1741 672 1784 pretia,
707 1748 780 1772 vor
806 1740 934 1772 ienem
960 1739 1093 1772 hohen
1120 1739 1258 1774 Preise.
1284 1756 1331 1764 -
1368 1753 1448 1786 arg.
1475 1741 1552 1775 Sil-

91 1785 323 1833 berger‘aith3
349 1791 455 1825 veste,
482 1786 756 1831 Tapezereien.
782 1805 830 1811 -
854 1786 919 1819 hoc
945 1799 1033 1833 opus
1057 1792 1110 1821 est
1135 1787 1160 1820 i.
1188 1799 1220 1821 e.
1247 1787 1388 1828 hortis,
1415 1789 1554 1832 quibus

95 1841 291 1868 exstruam
318 1833 472 1868 Tulliae
498 1836 645 1868 fanum.
672 1852 719 1858 —-
744 1834 830 1875 Sed,
867 1845 940 1868 vox·
966 1835 1082 1868 Allen
1108 1835 1261 1869 iedoch.
1288 1853 1331 1860 -
1361 1837 1464 1872 Silio.
1517 1837 1551 1871 S.

92 1895 141 1916 zu
168 1893 224 1926 ep.
252 1882 332 1916 533.
359 1881 508 1929 Anlage
534 1894 565 1916 a.
591 1884 623 1917 2.
650 1883 740 1921 540,
766 1885 798 1918 3.
834 1900 882 1907 —
921 1881 1027 1917 Nihil
1060 1885 1154 1916 enim
1189 1889 1241 1918 est
1284 1884 1349 1926 (z
1375 1890 1426 1918 est
1459 1888 1553 1918 enim

91 1929 207 1963 Beier
233 1929 279 1961 ad
298 1928 422 1973 Officc.
450 1933 484 1964 1.
512 1942 549 1974 p.
577 1932 677 1972 158.)
702 1932 830 1964 melius
856 1931 936 1964 eius
952 1931 1087 1971 horto,·
1114 1940 1175 1965 wo
1194 1931 1318 1973 nicht,
1345 1933 1421 1967 wie
1440 1934 1553 1973 ὅῐῐεν,

92 1977 164 2010 der
189 1976 287 2010 Sinn
315 1977 379 2010 ist:
416 1978 565 2019 -‚‚Denn
601 1990 637 2011 es
674 1978 781 2026 giebt
807 1979 952 2013 keinen
977 1979 1128 2013 bessern
1155 1979 1367 2013 Menschen
1394 1982 1458 2013 auf
1484 1981 1555 2014 det·

92 2025 247 2063 Welt.“
295 2025 346 2058 Es
373 2025 460 2057 l’aisst
485 2026 570 2058 sich
596 2027 674 2059 also
703 2027 775 2060 mit
801 2026 883 2060 ihm
912 2033 982 2073 gut
1006 2026 1186 2061 handeln.
1210 2045 1249 2051 —-
1277 2033 1387 2063 const.
1414 2041 1448 2061 se
1474 2041 1555 2063 cum

91 2084 132 2105 eo
157 2073 308 2115 habere,
348 2072 453 2105 diem
481 2074 516 2106 ei
544 2074 807 2114 constituisse,
847 2085 922 2118 quo
949 2086 1037 2107 cum
1066 2085 1109 2108 eo
1138 2074 1184 2108 de
1211 2075 1284 2110 isto
1310 2076 1468 2123 negotio
1494 2077 1552 2110 lo-

92 2128 291 2165 queretur.
346 2120 450 2153 SCH.
500 2122 587 2162 „sie
613 2121 747 2156 h’zitten
775 2123 888 2155 einen
905 2122 986 2169 Tag
1012 2134 1083 2156 zur
1098 2122 1430 2172 Unterhandlung
1460 2125 1554 2158 iiber

91 2169 166 2202 den
185 2168 284 2201 Park
308 2167 549 2202 verabredet.
576 2188 622 2193 —-
647 2170 787 2203 Scribet
811 2168 940 2210 Sicca,
968 2171 1057 2215 quid
1077 2173 1204 2215 egerit,
1229 2171 1327 2206 Was
1354 2183 1397 2204 ex·
1421 2184 1556 2219 ausge-

93 2216 240 2249 richtet
275 2216 384 2249 habe.
436 2215 501 2249 Sic
529 2216 659 2252 Lamb.
687 2219 813 2252 scribit
839 2217 914 2251 Md.
943 2219 1062 2252 Oxou.
1090 2222 1121 2252 1.
1154 2220 1290 2253 scribat
1317 2220 1414 2253 Edd.
1448 2232 1555 2254 meae

92 2270 250 2308 praeter·
276 2264 407 2297 Lamb.
462 2264 536 2297 OP..
562 2284 608 2289 —
644 2271 678 2299 ct
703 2272 745 2299 tu
770 2266 914 2309 videbis,
942 2266 1023 2298 und
1049 2267 1108 2300 Du
1134 2267 1247 2300 wirst
1273 2268 1374 2300 dann
1401 2270 1465 2301 ftu-
1491 2268 1554 2300 das

92 2311 276 2346 Weitere
301 2323 464 2358 sorgen,
504 2313 704 2356 namlich,
749 2326 867 2349 warin
893 2314 961 2347 ich
987 2315 1059 2348 Dii*
1083 2315 1281 2361 gemeldet
1307 2314 1424 2356 habe,
1466 2316 1557 2364 quid

91 2362 220 2403 egerit.

188 2409 221 2440 1.
274 2408 524 2451 quizquod
556 2411 790 2455 transegerit,
817 2409 899 2442 dass
926 2419 970 2442 er
995 2408 1077 2442 sich
1113 2410 1186 2442 mit
1219 2410 1365 2443 seinem
1395 2411 1553 2457 Gegner

92 2452 326 2501 verglichen
352 2455 429 2489 hat.
457 2456 528 2490 Die
548 2456 786 2491 streitsache
814 2457 862 2490 ist
887 2457 1123 2492 unbekannt.
1152 2475 1193 2482 -—
1224 2463 1259 2491 et
1276 2468 1322 2488 ’-·-
1339 2459 1401 2491 sed
1429 2459 1486 2491 od.
1516 2466 1553 2492 et

92 2509 239 2536 tamen.
289 2501 606 2544 „constitueram
636 2505 670 2538 ei
698 2511 851 2550 praesto
877 2506 1004 2538 adesse
1030 2512 1072 2538 ut
1098 2505 1313 2545 advocatias,-
1360 2513 1394 2539 et
1422 2514 1552 2539 tamen

92 2549 279 2591 verebar,
320 2561 368 2583 ne
394 2562 414 2583 a
440 2562 500 2584 me
530 2551 744 2595 impetrare
773 2562 852 2586 non
880 2563 1051 2597 possem,
1091 2560 1136 2587 ut
1162 2554 1300 2587 omissa
1326 2553 1552 2592 solitudine.

93 2609 208 2641 quam
235 2608 393 2641 sequor,
435 2609 496 2632 me
522 2600 656 2634 turbae
683 2600 815 2633 darem
844 2607 882 2634 et
906 2601 1065 2634 Romam
1095 2602 1283 2634 venirem.
1337 2601 1551 2635 GRONOV.

93 2645 186 2692 Vgl.
214 2655 272 2690 ep.
301 2647 390 2686 538,
416 2648 449 2681 5.
499 2646 626 2681 Ueber
658 2647 778 2681 Silius
805 2660 831 2682 s.
867 2661 916 2681 zu
950 2661 1008 2694 ep.
1043 2648 1132 2689 533,
1159 2661 1191 2682 a.
1216 2650 1248 2683 2.
1288 2668 1334 2673 —
1377 2650 1417 2681 de
1447 2652 1551 2684 Ouia.

94 2692 197 2728 cura
224 2694 261 2728 ei
287 2693 363 2728 Hs.
390 2704 440 2737 0.,
468 2705 564 2738 quae
592 2695 722 2729 deberi
751 2695 788 2730 ei
815 2707 835 2729 a
862 2707 924 2731 uie
949 2698 1034 2731 scie.
1085 2696 1120 2732 S.
1147 2708 1204 2742 ep.
1232 2698 1314 2739 538,
1341 2698 1361 2732 4
1389 2698 1467 2732 und
1494 2710 1552 2742 ep.
