<?xml version="1.0" encoding="UTF-8"?>
<!DOCTYPE html PUBLIC "-//W3C//DTD XHTML 1.0 Transitional//EN"
    "http://www.w3.org/TR/xhtml1/DTD/xhtml1-transitional.dtd">
<html xmlns="http://www.w3.org/1999/xhtml" xml:lang="en" lang="en">
 <head>
  <title>
</title>
<meta http-equiv="Content-Type" content="text/html;charset=utf-8" />
  <meta name='ocr-system' content='tesseract 3.04.00' />
  <meta name='ocr-capabilities' content='ocr_page ocr_carea ocr_par ocr_line ocrx_word'/>
</head>
<body>
  <div class='ocr_page' id='page_1' title='image "./epistolaeadattic03ciceuoft_0379.png"; bbox 0 0 1795 3081; ppageno 0'>
   <div class='ocr_carea' id='block_1_1' title="bbox 554 71 1541 121">
    <p class='ocr_par' dir='ltr' id='par_1_1' title="bbox 554 71 1541 121">
     <span class='ocr_line' id='line_1_1' title="bbox 554 71 1541 121; baseline 0.002 -3"><span class='ocrx_word' id='word_1_1' title='bbox 554 71 871 121; x_wconf 78' lang='lat' dir='ltr'>EPISTOLA</span> <span class='ocrx_word' id='word_1_2' title='bbox 907 72 1083 120; x_wconf 85' lang='lat' dir='ltr'>DCXL</span> <span class='ocrx_word' id='word_1_3' title='bbox 1447 76 1541 120; x_wconf 78' lang='lat'>369</span> 
     </span>
    </p>
   </div>
   <div class='ocr_carea' id='block_1_2' title="bbox 96 189 1546 354">
    <p class='ocr_par' dir='ltr' id='par_1_2' title="bbox 96 189 1546 354">
     <span class='ocr_line' id='line_1_2' title="bbox 97 189 1543 245; baseline -0.001 -13"><span class='ocrx_word' id='word_1_4' title='bbox 97 198 306 238; x_wconf 75' lang='lat' dir='ltr'>moveret,</span> <span class='ocrx_word' id='word_1_5' title='bbox 345 205 397 231; x_wconf 88' lang='lat' dir='ltr'>ne</span> <span class='ocrx_word' id='word_1_6' title='bbox 427 190 604 232; x_wconf 85' lang='lat' dir='ltr'>viderer</span> <span class='ocrx_word' id='word_1_7' title='bbox 638 189 913 245; x_wconf 75' lang='grc' dir='ltr'><em>φιλένόοξοςε</em></span> <span class='ocrx_word' id='word_1_8' title='bbox 957 214 1010 220; x_wconf 86' lang='grc'>-</span> <span class='ocrx_word' id='word_1_9' title='bbox 1049 194 1111 231; x_wconf 85' lang='lat' dir='ltr'>sic</span> <span class='ocrx_word' id='word_1_10' title='bbox 1153 195 1269 233; x_wconf 87' lang='lat' dir='ltr'>enim</span> <span class='ocrx_word' id='word_1_11' title='bbox 1308 195 1543 231; x_wconf 76' lang='lat' dir='ltr'>constitue-</span> 
     </span>
     <span class='ocr_line' id='line_1_3' title="bbox 96 246 1544 302; baseline -0.001 -15"><span class='ocrx_word' id='word_1_12' title='bbox 96 261 206 297; x_wconf 81' lang='lat' dir='ltr'>ram,</span> <span class='ocrx_word' id='word_1_13' title='bbox 250 249 463 286; x_wconf 86' lang='lat' dir='ltr'>neminem</span> <span class='ocrx_word' id='word_1_14' title='bbox 502 246 728 286; x_wconf 82' lang='lat' dir='ltr'>includere</span> <span class='ocrx_word' id='word_1_15' title='bbox 770 248 817 285; x_wconf 89' lang='lat' dir='ltr'>in</span> <span class='ocrx_word' id='word_1_16' title='bbox 860 246 1058 302; x_wconf 80' lang='lat' dir='ltr'>dialogos</span> <span class='ocrx_word' id='word_1_17' title='bbox 1099 253 1270 297; x_wconf 73' lang='lat' dir='ltr'>eorum,</span> <span class='ocrx_word' id='word_1_18' title='bbox 1310 249 1383 300; x_wconf 90' lang='lat' dir='ltr'>qui</span> <span class='ocrx_word' id='word_1_19' title='bbox 1421 249 1544 286; x_wconf 70' lang='lat' dir='ltr'>vive-</span> 
     </span>
     <span class='ocr_line' id='line_1_4' title="bbox 98 301 1546 354; baseline -0.001 -12"><span class='ocrx_word' id='word_1_20' title='bbox 98 309 221 342; x_wconf 78' lang='lat' dir='ltr'>rent:</span> <span class='ocrx_word' id='word_1_21' title='bbox 251 325 305 330; x_wconf 91' lang='lat'>—-</span> <span class='ocrx_word' id='word_1_22' title='bbox 342 301 430 353; x_wconf 88' lang='lat' dir='ltr'>sed,</span> <span class='ocrx_word' id='word_1_23' title='bbox 481 303 582 354; x_wconf 86' lang='lat' dir='ltr'>quia</span> <span class='ocrx_word' id='word_1_24' title='bbox 619 303 774 341; x_wconf 87' lang='lat' dir='ltr'>scribis</span> <span class='ocrx_word' id='word_1_25' title='bbox 818 307 862 341; x_wconf 84' lang='lat' dir='ltr'>et</span> <span class='ocrx_word' id='word_1_26' title='bbox 902 301 1145 342; x_wconf 83' lang='lat' dir='ltr'>desiderari</span> <span class='ocrx_word' id='word_1_27' title='bbox 1187 316 1211 341; x_wconf 86' lang='lat' dir='ltr'>a</span> <span class='ocrx_word' id='word_1_28' title='bbox 1252 302 1457 341; x_wconf 82' lang='lat' dir='ltr'>Varrone</span> <span class='ocrx_word' id='word_1_29' title='bbox 1502 308 1546 340; x_wconf 81' lang='lat' dir='ltr'>et</span> 
     </span>
    </p>
   </div>
   <div class='ocr_carea' id='block_1_3' title="bbox 94 358 1585 1289">
    <p class='ocr_par' dir='ltr' id='par_1_3' title="bbox 94 358 1585 1289">
     <span class='ocr_line' id='line_1_5' title="bbox 96 358 1544 413; baseline -0.002 -16"><span class='ocrx_word' id='word_1_30' title='bbox 96 359 244 413; x_wconf 83' lang='lat' dir='ltr'>magni</span> <span class='ocrx_word' id='word_1_31' title='bbox 280 358 407 395; x_wconf 88' lang='lat' dir='ltr'>illum</span> <span class='ocrx_word' id='word_1_32' title='bbox 445 358 691 406; x_wconf 82' lang='lat' dir='ltr'>aestimare,</span> <span class='ocrx_word' id='word_1_33' title='bbox 729 370 804 396; x_wconf 90' lang='lat' dir='ltr'>eos</span> <span class='ocrx_word' id='word_1_34' title='bbox 847 359 1040 405; x_wconf 79' lang='lat' dir='ltr'>confeci3</span> <span class='ocrx_word' id='word_1_35' title='bbox 1092 364 1135 397; x_wconf 86' lang='lat' dir='ltr'>et</span> <span class='ocrx_word' id='word_1_36' title='bbox 1172 359 1357 407; x_wconf 79' lang='lat' dir='ltr'>absolvi,</span> <span class='ocrx_word' id='word_1_37' title='bbox 1398 358 1544 396; x_wconf 82' lang='lat' dir='ltr'>nescio</span> 
     </span>
     <span class='ocr_line' id='line_1_6' title="bbox 97 410 1545 465; baseline -0.001 -14"><span class='ocrx_word' id='word_1_38' title='bbox 97 426 226 465; x_wconf 84' lang='lat' dir='ltr'>quam</span> <span class='ocrx_word' id='word_1_39' title='bbox 256 412 379 462; x_wconf 87' lang='lat' dir='ltr'>bene,</span> <span class='ocrx_word' id='word_1_40' title='bbox 409 410 482 451; x_wconf 91' lang='lat' dir='ltr'>sed</span> <span class='ocrx_word' id='word_1_41' title='bbox 510 413 572 452; x_wconf 83' lang='lat' dir='ltr'>ita</span> <span class='ocrx_word' id='word_1_42' title='bbox 601 418 820 462; x_wconf 82' lang='lat' dir='ltr'>accurate,</span> <span class='ocrx_word' id='word_1_43' title='bbox 857 417 906 450; x_wconf 87' lang='lat' dir='ltr'>ut</span> <span class='ocrx_word' id='word_1_44' title='bbox 934 412 1047 450; x_wconf 87' lang='lat' dir='ltr'><strong>nihil</strong></span> <span class='ocrx_word' id='word_1_45' title='bbox 1076 419 1221 464; x_wconf 88' lang='lat' dir='ltr'>posset</span> <span class='ocrx_word' id='word_1_46' title='bbox 1249 426 1394 465; x_wconf 82' lang='lat' dir='ltr'>supra,</span> <span class='ocrx_word' id='word_1_47' title='bbox 1435 413 1545 450; x_wconf 82' lang='lat' dir='ltr'>Aca-</span> 
     </span>
     <span class='ocr_line' id='line_1_7' title="bbox 95 467 1545 533; baseline -0.001 -26"><span class='ocrx_word' id='word_1_48' title='bbox 95 468 310 507; x_wconf 84' lang='lat' dir='ltr'>demicam</span> <span class='ocrx_word' id='word_1_49' title='bbox 352 480 524 506; x_wconf 90' lang='lat' dir='ltr'>omnem</span> <span class='ocrx_word' id='word_1_50' title='bbox 564 467 863 533; x_wconf 48' lang='lat' dir='ltr'>Quaestionem</span> <span class='ocrx_word' id='word_1_51' title='bbox 906 467 1033 505; x_wconf 90' lang='lat' dir='ltr'>libris</span> <span class='ocrx_word' id='word_1_52' title='bbox 1077 473 1297 519; x_wconf 78' lang='lat' dir='ltr'>quattuor.</span> <span class='ocrx_word' id='word_1_53' title='bbox 1374 467 1425 505; x_wconf 92' lang='lat' dir='ltr'>In</span> <span class='ocrx_word' id='word_1_54' title='bbox 1468 468 1545 515; x_wconf 81' lang='lat' dir='ltr'>eis,</span> 
     </span>
     <span class='ocr_line' id='line_1_8' title="bbox 97 518 1546 576; baseline -0.001 -15"><span class='ocrx_word' id='word_1_55' title='bbox 97 536 207 575; x_wconf 82' lang='lat' dir='ltr'>quae</span> <span class='ocrx_word' id='word_1_56' title='bbox 236 528 361 561; x_wconf 82' lang='lat' dir='ltr'>erant</span> <span class='ocrx_word' id='word_1_57' title='bbox 390 528 542 560; x_wconf 81' lang='lat' dir='ltr'>contra</span> <span class='ocrx_word' id='word_1_58' title='bbox 571 518 882 576; x_wconf 67' lang='grc' dir='ltr'>(ικαταληψίαν</span> <span class='ocrx_word' id='word_1_59' title='bbox 908 523 1136 574; x_wconf 78' lang='lat' dir='ltr'>praeclare</span> <span class='ocrx_word' id='word_1_60' title='bbox 1167 523 1353 561; x_wconf 86' lang='lat' dir='ltr'>collecta</span> <span class='ocrx_word' id='word_1_61' title='bbox 1382 522 1435 561; x_wconf 85' lang='lat' dir='ltr'>ab</span> <span class='ocrx_word' id='word_1_62' title='bbox 1459 521 1546 560; x_wconf 84' lang='lat' dir='ltr'>An-</span> 
     </span>
     <span class='ocr_line' id='line_1_9' title="bbox 96 575 1547 629; baseline -0.001 -13"><span class='ocrx_word' id='word_1_63' title='bbox 96 577 262 627; x_wconf 88' lang='lat' dir='ltr'>tiocho,</span> <span class='ocrx_word' id='word_1_64' title='bbox 293 577 490 615; x_wconf 86' lang='lat' dir='ltr'>Varroni</span> <span class='ocrx_word' id='word_1_65' title='bbox 519 575 648 615; x_wconf 90' lang='lat' dir='ltr'>dedi:</span> <span class='ocrx_word' id='word_1_66' title='bbox 689 575 743 615; x_wconf 84' lang='lat' dir='ltr'>ad</span> <span class='ocrx_word' id='word_1_67' title='bbox 781 589 831 615; x_wconf 82' lang='lat' dir='ltr'>ea</span> <span class='ocrx_word' id='word_1_68' title='bbox 872 577 964 629; x_wconf 88' lang='lat' dir='ltr'>ipse</span> <span class='ocrx_word' id='word_1_69' title='bbox 1002 576 1266 629; x_wconf 82' lang='lat' dir='ltr'>respondeo:</span> <span class='ocrx_word' id='word_1_70' title='bbox 1306 583 1354 615; x_wconf 85' lang='lat' dir='ltr'>tu</span> <span class='ocrx_word' id='word_1_71' title='bbox 1384 591 1427 616; x_wconf 87' lang='lat' dir='ltr'>es</span> <span class='ocrx_word' id='word_1_72' title='bbox 1458 583 1547 615; x_wconf 90' lang='lat' dir='ltr'>ter-</span> 
     </span>
     <span class='ocr_line' id='line_1_10' title="bbox 97 630 1546 672; baseline -0.002 0"><span class='ocrx_word' id='word_1_73' title='bbox 97 634 185 672; x_wconf 77' lang='lat' dir='ltr'>tius</span> <span class='ocrx_word' id='word_1_74' title='bbox 228 634 274 670; x_wconf 92' lang='lat' dir='ltr'>in</span> <span class='ocrx_word' id='word_1_75' title='bbox 310 644 509 671; x_wconf 83' lang='lat' dir='ltr'>sermone</span> <span class='ocrx_word' id='word_1_76' title='bbox 547 637 712 671; x_wconf 87' lang='lat' dir='ltr'>nostro.</span> <span class='ocrx_word' id='word_1_77' title='bbox 771 630 818 670; x_wconf 84' lang='lat' dir='ltr'>Si</span> <span class='ocrx_word' id='word_1_78' title='bbox 851 631 1022 671; x_wconf 83' lang='lat' dir='ltr'>Cottam</span> <span class='ocrx_word' id='word_1_79' title='bbox 1060 638 1102 671; x_wconf 90' lang='lat' dir='ltr'>et</span> <span class='ocrx_word' id='word_1_80' title='bbox 1130 632 1380 671; x_wconf 85' lang='lat' dir='ltr'>Varronem</span> <span class='ocrx_word' id='word_1_81' title='bbox 1420 632 1546 671; x_wconf 83' lang='lat' dir='ltr'>fecis-</span> 
     </span>
     <span class='ocr_line' id='line_1_11' title="bbox 97 685 1546 739; baseline -0.001 -13"><span class='ocrx_word' id='word_1_82' title='bbox 97 701 186 726; x_wconf 85' lang='lat' dir='ltr'>sem</span> <span class='ocrx_word' id='word_1_83' title='bbox 215 688 333 725; x_wconf 83' lang='lat' dir='ltr'>inter</span> <span class='ocrx_word' id='word_1_84' title='bbox 360 699 405 725; x_wconf 90' lang='lat' dir='ltr'>se</span> <span class='ocrx_word' id='word_1_85' title='bbox 434 686 719 739; x_wconf 80' lang='lat' dir='ltr'>disputanteS,</span> <span class='ocrx_word' id='word_1_86' title='bbox 759 692 809 725; x_wconf 83' lang='lat' dir='ltr'>ut</span> <span class='ocrx_word' id='word_1_87' title='bbox 837 699 861 724; x_wconf 83' lang='lat' dir='ltr'>a</span> <span class='ocrx_word' id='word_1_88' title='bbox 889 692 932 725; x_wconf 87' lang='lat' dir='ltr'>te</span> <span class='ocrx_word' id='word_1_89' title='bbox 961 688 1176 739; x_wconf 82' lang='lat' dir='ltr'>proximis</span> <span class='ocrx_word' id='word_1_90' title='bbox 1215 687 1358 726; x_wconf 82' lang='lat' dir='ltr'>literis</span> <span class='ocrx_word' id='word_1_91' title='bbox 1399 685 1546 725; x_wconf 82' lang='lat' dir='ltr'>admo-</span> 
     </span>
     <span class='ocr_line' id='line_1_12' title="bbox 96 737 1585 796; baseline -0.002 -15"><span class='ocrx_word' id='word_1_92' title='bbox 96 755 220 792; x_wconf 85' lang='lat' dir='ltr'>neor,</span> <span class='ocrx_word' id='word_1_93' title='bbox 249 755 393 780; x_wconf 87' lang='lat' dir='ltr'>meum</span> <span class='ocrx_word' id='word_1_94' title='bbox 423 738 574 795; x_wconf 79' lang='grc' dir='ltr'><em>κωφὸν</em></span> <span class='ocrx_word' id='word_1_95' title='bbox 602 737 837 796; x_wconf 76' lang='grc' dir='ltr'><em>πρόςωπον</em></span> <span class='ocrx_word' id='word_1_96' title='bbox 866 748 989 781; x_wconf 87' lang='lat' dir='ltr'>esset.</span> <span class='ocrx_word' id='word_1_97' title='bbox 1033 742 1133 780; x_wconf 92' lang='lat' dir='ltr'>Hoc</span> <span class='ocrx_word' id='word_1_98' title='bbox 1152 743 1197 780; x_wconf 89' lang='lat' dir='ltr'>in</span> <span class='ocrx_word' id='word_1_99' title='bbox 1226 742 1417 794; x_wconf 73' lang='lat' dir='ltr'>antiquis</span> <span class='ocrx_word' id='word_1_100' title='bbox 1446 740 1585 794; x_wconf 66' lang='lat' dir='ltr'>per-4</span> 
     </span>
     <span class='ocr_line' id='line_1_13' title="bbox 94 795 1547 845; baseline -0.002 -8"><span class='ocrx_word' id='word_1_101' title='bbox 94 799 213 837; x_wconf 89' lang='lat' dir='ltr'>sonis</span> <span class='ocrx_word' id='word_1_102' title='bbox 242 797 439 836; x_wconf 82' lang='lat' dir='ltr'><strong>suaviter</strong></span> <span class='ocrx_word' id='word_1_103' title='bbox 467 797 530 845; x_wconf 85' lang='lat' dir='ltr'>fit,</span> <span class='ocrx_word' id='word_1_104' title='bbox 570 802 621 835; x_wconf 84' lang='lat' dir='ltr'>ut</span> <span class='ocrx_word' id='word_1_105' title='bbox 658 802 702 835; x_wconf 82' lang='lat' dir='ltr'>et</span> <span class='ocrx_word' id='word_1_106' title='bbox 730 795 990 835; x_wconf 80' lang='lat' dir='ltr'>Heraclides</span> <span class='ocrx_word' id='word_1_107' title='bbox 1028 798 1075 835; x_wconf 91' lang='lat' dir='ltr'>in</span> <span class='ocrx_word' id='word_1_108' title='bbox 1113 798 1264 836; x_wconf 85' lang='lat' dir='ltr'>multis</span> <span class='ocrx_word' id='word_1_109' title='bbox 1294 806 1337 835; x_wconf 88' lang='lat' dir='ltr'>et</span> <span class='ocrx_word' id='word_1_110' title='bbox 1365 809 1443 835; x_wconf 89' lang='lat' dir='ltr'>nos</span> <span class='ocrx_word' id='word_1_111' title='bbox 1473 809 1547 834; x_wconf 78' lang='lat' dir='ltr'>sex</span> 
     </span>
     <span class='ocr_line' id='line_1_14' title="bbox 96 850 1546 904; baseline -0.001 -13"><span class='ocrx_word' id='word_1_112' title='bbox 96 851 149 892; x_wconf 90' lang='lat' dir='ltr'>de</span> <span class='ocrx_word' id='word_1_113' title='bbox 190 852 253 891; x_wconf 85' lang='lat' dir='ltr'>Re</span> <span class='ocrx_word' id='word_1_114' title='bbox 294 851 472 904; x_wconf 86' lang='lat' dir='ltr'>publica</span> <span class='ocrx_word' id='word_1_115' title='bbox 510 851 638 890; x_wconf 90' lang='lat' dir='ltr'>libris</span> <span class='ocrx_word' id='word_1_116' title='bbox 681 852 875 892; x_wconf 85' lang='lat' dir='ltr'>fecimus.</span> <span class='ocrx_word' id='word_1_117' title='bbox 946 850 1057 891; x_wconf 79' lang='lat' dir='ltr'>Sunt</span> <span class='ocrx_word' id='word_1_118' title='bbox 1089 853 1222 891; x_wconf 83' lang='lat' dir='ltr'>etiam</span> <span class='ocrx_word' id='word_1_119' title='bbox 1264 851 1316 890; x_wconf 88' lang='lat' dir='ltr'>de</span> <span class='ocrx_word' id='word_1_120' title='bbox 1357 851 1546 894; x_wconf 79' lang='lat' dir='ltr'>Oratore</span> 
     </span>
     <span class='ocr_line' id='line_1_15' title="bbox 96 906 1548 959; baseline -0.001 -14"><span class='ocrx_word' id='word_1_121' title='bbox 96 908 238 946; x_wconf 82' lang='lat' dir='ltr'>nostri</span> <span class='ocrx_word' id='word_1_122' title='bbox 267 912 372 957; x_wconf 85' lang='lat' dir='ltr'>tres,</span> <span class='ocrx_word' id='word_1_123' title='bbox 401 906 510 944; x_wconf 88' lang='lat' dir='ltr'>mihi</span> <span class='ocrx_word' id='word_1_124' title='bbox 538 906 822 946; x_wconf 78' lang='lat' dir='ltr'>vehementer</span> <span class='ocrx_word' id='word_1_125' title='bbox 851 906 1040 959; x_wconf 83' lang='lat' dir='ltr'>probati.</span> <span class='ocrx_word' id='word_1_126' title='bbox 1099 906 1148 945; x_wconf 92' lang='lat' dir='ltr'>In</span> <span class='ocrx_word' id='word_1_127' title='bbox 1179 908 1240 946; x_wconf 91' lang='lat' dir='ltr'>eis</span> <span class='ocrx_word' id='word_1_128' title='bbox 1270 919 1442 958; x_wconf 85' lang='lat' dir='ltr'>quoque</span> <span class='ocrx_word' id='word_1_129' title='bbox 1472 918 1548 944; x_wconf 83' lang='lat' dir='ltr'>eae</span> 
     </span>
     <span class='ocr_line' id='line_1_16' title="bbox 97 960 1548 1015; baseline -0.002 -14"><span class='ocrx_word' id='word_1_130' title='bbox 97 975 309 1015; x_wconf 82' lang='lat' dir='ltr'>personae</span> <span class='ocrx_word' id='word_1_131' title='bbox 337 967 451 1011; x_wconf 85' lang='lat' dir='ltr'>sunt,</span> <span class='ocrx_word' id='word_1_132' title='bbox 493 968 543 1000; x_wconf 87' lang='lat' dir='ltr'>ut</span> <span class='ocrx_word' id='word_1_133' title='bbox 581 961 690 999; x_wconf 86' lang='lat' dir='ltr'>mihi</span> <span class='ocrx_word' id='word_1_134' title='bbox 732 960 963 1000; x_wconf 78' lang='lat' dir='ltr'>tacendum</span> <span class='ocrx_word' id='word_1_135' title='bbox 1005 963 1153 1000; x_wconf 91' lang='lat' dir='ltr'>fuerit.</span> <span class='ocrx_word' id='word_1_136' title='bbox 1214 963 1393 1002; x_wconf 80' lang='lat' dir='ltr'>Crassus</span> <span class='ocrx_word' id='word_1_137' title='bbox 1432 962 1548 1000; x_wconf 87' lang='lat' dir='ltr'>enim</span> 
     </span>
     <span class='ocr_line' id='line_1_17' title="bbox 97 1015 1546 1069; baseline -0.001 -14"><span class='ocrx_word' id='word_1_138' title='bbox 97 1018 312 1069; x_wconf 80' lang='lat' dir='ltr'>loquitur,</span> <span class='ocrx_word' id='word_1_139' title='bbox 342 1016 572 1066; x_wconf 86' lang='lat' dir='ltr'>Antonius,</span> <span class='ocrx_word' id='word_1_140' title='bbox 603 1015 782 1055; x_wconf 77' lang='lat' dir='ltr'>Catulus</span> <span class='ocrx_word' id='word_1_141' title='bbox 821 1029 965 1066; x_wconf 81' lang='lat' dir='ltr'>senex,</span> <span class='ocrx_word' id='word_1_142' title='bbox 1008 1015 1054 1056; x_wconf 83' lang='lat' dir='ltr'>C.</span> <span class='ocrx_word' id='word_1_143' title='bbox 1093 1016 1247 1066; x_wconf 88' lang='lat' dir='ltr'>Iulius,</span> <span class='ocrx_word' id='word_1_144' title='bbox 1288 1019 1430 1055; x_wconf 83' lang='lat' dir='ltr'>frater</span> <span class='ocrx_word' id='word_1_145' title='bbox 1468 1016 1546 1056; x_wconf 82' lang='lat' dir='ltr'>Ca-</span> 
     </span>
     <span class='ocr_line' id='line_1_18' title="bbox 97 1070 1548 1124; baseline -0.001 -14"><span class='ocrx_word' id='word_1_146' title='bbox 97 1073 197 1121; x_wconf 88' lang='lat' dir='ltr'>tuli,</span> <span class='ocrx_word' id='word_1_147' title='bbox 242 1071 384 1122; x_wconf 81' lang='lat' dir='ltr'>Cotta,</span> <span class='ocrx_word' id='word_1_148' title='bbox 424 1070 661 1124; x_wconf 73' lang='lat' dir='ltr'>Sulpicius,</span> <span class='ocrx_word' id='word_1_149' title='bbox 729 1070 871 1109; x_wconf 88' lang='lat' dir='ltr'>Puero</span> <span class='ocrx_word' id='word_1_150' title='bbox 906 1084 974 1110; x_wconf 90' lang='lat' dir='ltr'>me</span> <span class='ocrx_word' id='word_1_151' title='bbox 1011 1071 1085 1110; x_wconf 90' lang='lat' dir='ltr'>hic</span> <span class='ocrx_word' id='word_1_152' title='bbox 1124 1084 1266 1111; x_wconf 88' lang='lat' dir='ltr'>sermo</span> <span class='ocrx_word' id='word_1_153' title='bbox 1307 1070 1548 1119; x_wconf 75' lang='lat' dir='ltr'>inducitur,</span> 
     </span>
     <span class='ocr_line' id='line_1_19' title="bbox 96 1126 1548 1178; baseline -0.001 -13"><span class='ocrx_word' id='word_1_154' title='bbox 96 1133 146 1166; x_wconf 82' lang='lat' dir='ltr'>ut</span> <span class='ocrx_word' id='word_1_155' title='bbox 173 1127 320 1166; x_wconf 84' lang='lat' dir='ltr'>nullae</span> <span class='ocrx_word' id='word_1_156' title='bbox 350 1139 441 1165; x_wconf 87' lang='lat' dir='ltr'>esse</span> <span class='ocrx_word' id='word_1_157' title='bbox 465 1131 641 1178; x_wconf 85' lang='lat' dir='ltr'>possent</span> <span class='ocrx_word' id='word_1_158' title='bbox 659 1131 806 1178; x_wconf 83' lang='lat' dir='ltr'>partes</span> <span class='ocrx_word' id='word_1_159' title='bbox 827 1139 960 1166; x_wconf 85' lang='lat' dir='ltr'>meae.</span> <span class='ocrx_word' id='word_1_160' title='bbox 1020 1126 1139 1178; x_wconf 72' lang='lat' dir='ltr'>Quae</span> <span class='ocrx_word' id='word_1_161' title='bbox 1169 1132 1314 1165; x_wconf 80' lang='lat' dir='ltr'>autem</span> <span class='ocrx_word' id='word_1_162' title='bbox 1343 1126 1410 1164; x_wconf 86' lang='lat' dir='ltr'>his</span> <span class='ocrx_word' id='word_1_163' title='bbox 1439 1131 1548 1165; x_wconf 86' lang='lat' dir='ltr'>tem-</span> 
     </span>
     <span class='ocr_line' id='line_1_20' title="bbox 97 1175 1548 1236; baseline -0.001 -17"><span class='ocrx_word' id='word_1_164' title='bbox 97 1182 279 1236; x_wconf 90' lang='lat' dir='ltr'>poribus</span> <span class='ocrx_word' id='word_1_165' title='bbox 322 1181 494 1233; x_wconf 80' lang='lat' dir='ltr'>scripsi,</span> <span class='ocrx_word' id='word_1_166' title='bbox 527 1175 874 1235; x_wconf 77' lang='grc' dir='ltr'><em>Ἀριστοτέλειον</em></span> <span class='ocrx_word' id='word_1_167' title='bbox 917 1193 1083 1220; x_wconf 86' lang='lat' dir='ltr'>morem</span> <span class='ocrx_word' id='word_1_168' title='bbox 1124 1181 1313 1228; x_wconf 81' lang='lat' dir='ltr'>habent;</span> <span class='ocrx_word' id='word_1_169' title='bbox 1378 1182 1424 1218; x_wconf 92' lang='lat' dir='ltr'>in</span> <span class='ocrx_word' id='word_1_170' title='bbox 1463 1193 1548 1232; x_wconf 86' lang='lat' dir='ltr'>quo</span> 
     </span>
     <span class='ocr_line' id='line_1_21' title="bbox 96 1235 1551 1289; baseline -0.002 -13"><span class='ocrx_word' id='word_1_171' title='bbox 96 1250 239 1276; x_wconf 89' lang='lat' dir='ltr'>sermo</span> <span class='ocrx_word' id='word_1_172' title='bbox 263 1237 326 1275; x_wconf 83' lang='lat' dir='ltr'>ita</span> <span class='ocrx_word' id='word_1_173' title='bbox 352 1235 578 1274; x_wconf 79' lang='lat' dir='ltr'>inducitur</span> <span class='ocrx_word' id='word_1_174' title='bbox 599 1241 862 1285; x_wconf 84' lang='lat' dir='ltr'>ceterorum,</span> <span class='ocrx_word' id='word_1_175' title='bbox 891 1241 941 1275; x_wconf 82' lang='lat' dir='ltr'>ut</span> <span class='ocrx_word' id='word_1_176' title='bbox 968 1249 1099 1289; x_wconf 88' lang='lat' dir='ltr'>penes</span> <span class='ocrx_word' id='word_1_177' title='bbox 1128 1237 1269 1289; x_wconf 85' lang='lat' dir='ltr'>ipsum</span> <span class='ocrx_word' id='word_1_178' title='bbox 1299 1236 1357 1275; x_wconf 86' lang='lat' dir='ltr'>sit</span> <span class='ocrx_word' id='word_1_179' title='bbox 1384 1236 1551 1288; x_wconf 83' lang='lat' dir='ltr'>princi-</span> 
     </span>
    </p>
   </div>
   <div class='ocr_carea' id='block_1_4' title="bbox 97 1347 1555 2394">
    <p class='ocr_par' dir='ltr' id='par_1_4' title="bbox 97 1347 1555 2394">
     <span class='ocr_line' id='line_1_22' title="bbox 97 1347 1551 1397; baseline 0 -14"><span class='ocrx_word' id='word_1_180' title='bbox 97 1350 156 1396; x_wconf 71' lang='lat' dir='ltr'>tig</span> <span class='ocrx_word' id='word_1_181' title='bbox 181 1349 398 1397; x_wconf 55' lang='grc' dir='ltr'>ειυς-95911911</span> <span class='ocrx_word' id='word_1_182' title='bbox 424 1348 607 1389; x_wconf 74' lang='lat' dir='ltr'>werden,</span> <span class='ocrx_word' id='word_1_183' title='bbox 645 1347 773 1382; x_wconf 87' lang='lat' dir='ltr'>indem</span> <span class='ocrx_word' id='word_1_184' title='bbox 809 1361 911 1389; x_wconf 87' lang='lat' dir='ltr'>man,</span> <span class='ocrx_word' id='word_1_185' title='bbox 952 1362 1068 1385; x_wconf 87' lang='lat' dir='ltr'>wenn</span> <span class='ocrx_word' id='word_1_186' title='bbox 1106 1349 1171 1383; x_wconf 88' lang='lat' dir='ltr'>ich</span> <span class='ocrx_word' id='word_1_187' title='bbox 1210 1350 1272 1383; x_wconf 84' lang='lat' dir='ltr'>das</span> <span class='ocrx_word' id='word_1_188' title='bbox 1308 1349 1551 1390; x_wconf 81' lang='lat' dir='ltr'>unterliesse‚</span> 
     </span>
     <span class='ocr_line' id='line_1_23' title="bbox 98 1394 1552 1445; baseline -0.001 -15"><span class='ocrx_word' id='word_1_189' title='bbox 98 1397 261 1445; x_wconf 80' lang='lat' dir='ltr'>glauben</span> <span class='ocrx_word' id='word_1_190' title='bbox 288 1396 454 1437; x_wconf 79' lang='lat' dir='ltr'>mb&#39;chte,</span> <span class='ocrx_word' id='word_1_191' title='bbox 490 1408 526 1430; x_wconf 86' lang='lat' dir='ltr'>es</span> <span class='ocrx_word' id='word_1_192' title='bbox 564 1396 755 1443; x_wconf 73' lang='lat' dir='ltr'>gesch&#39;ahe</span> <span class='ocrx_word' id='word_1_193' title='bbox 791 1394 986 1436; x_wconf 85' lang='lat' dir='ltr'>desshalb‚</span> <span class='ocrx_word' id='word_1_194' title='bbox 1028 1398 1121 1432; x_wconf 87' lang='lat' dir='ltr'>weil</span> <span class='ocrx_word' id='word_1_195' title='bbox 1157 1410 1199 1431; x_wconf 87' lang='lat' dir='ltr'>er</span> <span class='ocrx_word' id='word_1_196' title='bbox 1231 1397 1310 1430; x_wconf 88' lang='lat' dir='ltr'>mir</span> <span class='ocrx_word' id='word_1_197' title='bbox 1339 1397 1439 1430; x_wconf 87' lang='lat' dir='ltr'>diese</span> <span class='ocrx_word' id='word_1_198' title='bbox 1469 1397 1552 1430; x_wconf 87' lang='lat' dir='ltr'>Eh-</span> 
     </span>
     <span class='ocr_line' id='line_1_24' title="bbox 99 1442 1550 1492; baseline -0.001 -14"><span class='ocrx_word' id='word_1_199' title='bbox 99 1457 141 1479; x_wconf 89' lang='lat' dir='ltr'>re</span> <span class='ocrx_word' id='word_1_200' title='bbox 167 1444 277 1477; x_wconf 87' lang='lat' dir='ltr'>nicht</span> <span class='ocrx_word' id='word_1_201' title='bbox 312 1449 440 1477; x_wconf 86' lang='lat' dir='ltr'>zuerst</span> <span class='ocrx_word' id='word_1_202' title='bbox 466 1444 670 1491; x_wconf 79' lang='lat' dir='ltr'>angethan.</span> <span class='ocrx_word' id='word_1_203' title='bbox 719 1442 753 1477; x_wconf 94' lang='lat' dir='ltr'>S.</span> <span class='ocrx_word' id='word_1_204' title='bbox 783 1444 817 1477; x_wconf 85' lang='lat' dir='ltr'>d.</span> <span class='ocrx_word' id='word_1_205' title='bbox 845 1446 972 1492; x_wconf 69' lang='lat' dir='ltr'>vorig.</span> <span class='ocrx_word' id='word_1_206' title='bbox 991 1447 1051 1480; x_wconf 91' lang='lat' dir='ltr'>Br.</span> <span class='ocrx_word' id='word_1_207' title='bbox 1085 1458 1194 1491; x_wconf 79' lang='lat' dir='ltr'>quum</span> <span class='ocrx_word' id='word_1_208' title='bbox 1221 1449 1550 1490; x_wconf 76' lang='lat' dir='ltr'>ipse...mqucam</span> 
     </span>
     <span class='ocr_line' id='line_1_25' title="bbox 100 1491 1551 1537; baseline -0.001 -12"><span class='ocrx_word' id='word_1_209' title='bbox 100 1504 160 1526; x_wconf 86' lang='lat' dir='ltr'>me</span> <span class='ocrx_word' id='word_1_210' title='bbox 187 1491 406 1525; x_wconf 77' lang='lat' dir='ltr'>lacessisset.</span> <span class='ocrx_word' id='word_1_211' title='bbox 451 1492 652 1532; x_wconf 76' lang='lat' dir='ltr'>Manutius,</span> <span class='ocrx_word' id='word_1_212' title='bbox 687 1491 756 1524; x_wconf 82' lang='lat' dir='ltr'>der</span> <span class='ocrx_word' id='word_1_213' title='bbox 787 1493 1003 1537; x_wconf 65' lang='grc' dir='ltr'>φιλέτδοξος,</span> <span class='ocrx_word' id='word_1_214' title='bbox 1038 1495 1165 1527; x_wconf 74' lang='lat' dir='ltr'>wofiir</span> <span class='ocrx_word' id='word_1_215' title='bbox 1190 1493 1273 1527; x_wconf 89' lang='lat' dir='ltr'>Asc.</span> <span class='ocrx_word' id='word_1_216' title='bbox 1299 1495 1331 1527; x_wconf 85' lang='lat'>2.</span> <span class='ocrx_word' id='word_1_217' title='bbox 1358 1493 1456 1526; x_wconf 80' lang='lat' dir='ltr'>Crat.</span> <span class='ocrx_word' id='word_1_218' title='bbox 1491 1505 1551 1537; x_wconf 84' lang='grc' dir='ltr'>φι-</span> 
     </span>
     <span class='ocr_line' id='line_1_26' title="bbox 100 1535 1551 1587; baseline -0.002 -12"><span class='ocrx_word' id='word_1_219' title='bbox 100 1539 256 1580; x_wconf 77' lang='grc' dir='ltr'>λόδοξος,</span> <span class='ocrx_word' id='word_1_220' title='bbox 282 1538 404 1571; x_wconf 86' lang='lat' dir='ltr'>durch</span> <span class='ocrx_word' id='word_1_221' title='bbox 431 1544 575 1572; x_wconf 81' lang='lat' dir='ltr'>amator</span> <span class='ocrx_word' id='word_1_222' title='bbox 601 1535 817 1572; x_wconf 83' lang='lat' dir='ltr'>illustrium</span> <span class='ocrx_word' id='word_1_223' title='bbox 845 1541 1018 1574; x_wconf 84' lang='lat' dir='ltr'>virorum</span> <span class='ocrx_word' id='word_1_224' title='bbox 1045 1541 1225 1583; x_wconf 71' lang='lat' dir='ltr'>erkl&#39;zirte,</span> <span class='ocrx_word' id='word_1_225' title='bbox 1264 1541 1343 1587; x_wconf 75' lang='lat' dir='ltr'>gibt</span> <span class='ocrx_word' id='word_1_226' title='bbox 1371 1539 1551 1587; x_wconf 81' lang='lat' dir='ltr'>folgende</span> 
     </span>
     <span class='ocr_line' id='line_1_27' title="bbox 99 1586 1552 1635; baseline 0.001 -15"><span class='ocrx_word' id='word_1_227' title='bbox 99 1588 382 1635; x_wconf 71' lang='lat' dir='ltr'>Erl&#39;aiuterung:</span> <span class='ocrx_word' id='word_1_228' title='bbox 411 1587 624 1630; x_wconf 79' lang='lat' dir='ltr'>Scripserat</span> <span class='ocrx_word' id='word_1_229' title='bbox 652 1586 753 1619; x_wconf 85' lang='lat' dir='ltr'>enim</span> <span class='ocrx_word' id='word_1_230' title='bbox 780 1588 938 1630; x_wconf 81' lang='lat' dir='ltr'>Atticus,</span> <span class='ocrx_word' id='word_1_231' title='bbox 966 1599 1043 1622; x_wconf 88' lang='lat' dir='ltr'>non</span> <span class='ocrx_word' id='word_1_232' title='bbox 1068 1600 1220 1633; x_wconf 82' lang='lat' dir='ltr'>semper</span> <span class='ocrx_word' id='word_1_233' title='bbox 1237 1587 1413 1623; x_wconf 81' lang='lat' dir='ltr'>Ciceroni</span> <span class='ocrx_word' id='word_1_234' title='bbox 1439 1599 1552 1630; x_wconf 82' lang='lat' dir='ltr'>quae-</span> 
     </span>
     <span class='ocr_line' id='line_1_28' title="bbox 100 1633 1552 1677; baseline 0 -9"><span class='ocrx_word' id='word_1_235' title='bbox 100 1635 238 1668; x_wconf 86' lang='lat' dir='ltr'>rendos</span> <span class='ocrx_word' id='word_1_236' title='bbox 266 1646 342 1667; x_wconf 89' lang='lat' dir='ltr'>esse</span> <span class='ocrx_word' id='word_1_237' title='bbox 370 1634 522 1667; x_wconf 79' lang='lat' dir='ltr'>Catulos</span> <span class='ocrx_word' id='word_1_238' title='bbox 549 1639 585 1667; x_wconf 87' lang='lat' dir='ltr'>et</span> <span class='ocrx_word' id='word_1_239' title='bbox 611 1634 806 1672; x_wconf 85' lang='lat' dir='ltr'>Lucullos,</span> <span class='ocrx_word' id='word_1_240' title='bbox 839 1635 1039 1670; x_wconf 84' lang='lat' dir='ltr'>Africanos</span> <span class='ocrx_word' id='word_1_241' title='bbox 1075 1641 1112 1669; x_wconf 87' lang='lat' dir='ltr'>et</span> <span class='ocrx_word' id='word_1_242' title='bbox 1138 1636 1299 1677; x_wconf 85' lang='lat' dir='ltr'>Laelios,</span> <span class='ocrx_word' id='word_1_243' title='bbox 1336 1640 1399 1667; x_wconf 77' lang='lat' dir='ltr'>aut</span> <span class='ocrx_word' id='word_1_244' title='bbox 1423 1633 1552 1668; x_wconf 86' lang='lat' dir='ltr'>huius-</span> 
     </span>
     <span class='ocr_line' id='line_1_29' title="bbox 101 1681 1550 1725; baseline 0 -10"><span class='ocrx_word' id='word_1_245' title='bbox 101 1683 205 1715; x_wconf 85' lang='lat' dir='ltr'>modi</span> <span class='ocrx_word' id='word_1_246' title='bbox 233 1681 348 1723; x_wconf 88' lang='lat' dir='ltr'>viros,</span> <span class='ocrx_word' id='word_1_247' title='bbox 376 1681 509 1725; x_wconf 83' lang='lat' dir='ltr'>quibus</span> <span class='ocrx_word' id='word_1_248' title='bbox 536 1692 750 1715; x_wconf 83' lang='lat' dir='ltr'>sermonem</span> <span class='ocrx_word' id='word_1_249' title='bbox 786 1682 974 1717; x_wconf 85' lang='lat' dir='ltr'>tribueret</span> <span class='ocrx_word' id='word_1_250' title='bbox 1008 1684 1049 1716; x_wconf 86' lang='lat' dir='ltr'>in</span> <span class='ocrx_word' id='word_1_251' title='bbox 1081 1684 1156 1717; x_wconf 83' lang='lat' dir='ltr'>suis</span> <span class='ocrx_word' id='word_1_252' title='bbox 1191 1682 1314 1723; x_wconf 81' lang='lat' dir='ltr'>libris,</span> <span class='ocrx_word' id='word_1_253' title='bbox 1351 1694 1398 1715; x_wconf 87' lang='lat' dir='ltr'>ne</span> <span class='ocrx_word' id='word_1_254' title='bbox 1436 1682 1550 1715; x_wconf 84' lang='lat' dir='ltr'>nimis</span> 
     </span>
     <span class='ocr_line' id='line_1_30' title="bbox 101 1729 1552 1773; baseline -0.001 -10"><span class='ocrx_word' id='word_1_255' title='bbox 101 1730 318 1763; x_wconf 73' lang='lat' dir='ltr'>ambitiosus</span> <span class='ocrx_word' id='word_1_256' title='bbox 344 1729 385 1761; x_wconf 88' lang='lat' dir='ltr'>in</span> <span class='ocrx_word' id='word_1_257' title='bbox 412 1730 534 1762; x_wconf 88' lang='lat' dir='ltr'>claros</span> <span class='ocrx_word' id='word_1_258' title='bbox 560 1730 662 1762; x_wconf 87' lang='lat' dir='ltr'>viros</span> <span class='ocrx_word' id='word_1_259' title='bbox 688 1729 908 1763; x_wconf 82' lang='lat' dir='ltr'>videretur:</span> <span class='ocrx_word' id='word_1_260' title='bbox 948 1731 1013 1764; x_wconf 88' lang='lat' dir='ltr'>sed</span> <span class='ocrx_word' id='word_1_261' title='bbox 1050 1732 1164 1765; x_wconf 81' lang='lat' dir='ltr'>etiarn</span> <span class='ocrx_word' id='word_1_262' title='bbox 1200 1731 1364 1764; x_wconf 85' lang='lat' dir='ltr'>dandum</span> <span class='ocrx_word' id='word_1_263' title='bbox 1402 1729 1552 1773; x_wconf 74' lang='lat' dir='ltr'>aliquid</span> 
     </span>
     <span class='ocr_line' id='line_1_31' title="bbox 101 1777 1552 1824; baseline -0.001 -14"><span class='ocrx_word' id='word_1_264' title='bbox 101 1779 159 1819; x_wconf 89' lang='lat' dir='ltr'>iis,</span> <span class='ocrx_word' id='word_1_265' title='bbox 188 1778 254 1820; x_wconf 81' lang='lat' dir='ltr'>qui</span> <span class='ocrx_word' id='word_1_266' title='bbox 279 1777 404 1809; x_wconf 81' lang='lat' dir='ltr'>minus</span> <span class='ocrx_word' id='word_1_267' title='bbox 430 1777 600 1810; x_wconf 78' lang='lat' dir='ltr'>illustres</span> <span class='ocrx_word' id='word_1_268' title='bbox 628 1782 761 1819; x_wconf 77' lang='lat' dir='ltr'>essent,</span> <span class='ocrx_word' id='word_1_269' title='bbox 787 1784 1069 1823; x_wconf 82' lang='lat' dir='ltr'>proptereaque</span> <span class='ocrx_word' id='word_1_270' title='bbox 1103 1779 1148 1813; x_wconf 88' lang='lat' dir='ltr'>de</span> <span class='ocrx_word' id='word_1_271' title='bbox 1173 1780 1345 1812; x_wconf 86' lang='lat' dir='ltr'>Varrone</span> <span class='ocrx_word' id='word_1_272' title='bbox 1382 1778 1552 1824; x_wconf 78' lang='lat' dir='ltr'>cogitan-</span> 
     </span>
     <span class='ocr_line' id='line_1_32' title="bbox 101 1825 1554 1870; baseline 0.001 -13"><span class='ocrx_word' id='word_1_273' title='bbox 101 1825 204 1859; x_wconf 82' lang='lat' dir='ltr'>dum.</span> <span class='ocrx_word' id='word_1_274' title='bbox 240 1843 288 1848; x_wconf 91' lang='lat'>—-</span> <span class='ocrx_word' id='word_1_275' title='bbox 322 1827 496 1858; x_wconf 72' lang='lat' dir='ltr'>neminem</span> <span class='ocrx_word' id='word_1_276' title='bbox 529 1826 709 1859; x_wconf 77' lang='lat' dir='ltr'>includere</span> <span class='ocrx_word' id='word_1_277' title='bbox 749 1825 824 1869; x_wconf 87' lang='lat' dir='ltr'>(ep.</span> <span class='ocrx_word' id='word_1_278' title='bbox 862 1827 991 1868; x_wconf 88' lang='lat' dir='ltr'>DClV‚</span> <span class='ocrx_word' id='word_1_279' title='bbox 1024 1830 1046 1862; x_wconf 85' lang='lat'>3</span> <span class='ocrx_word' id='word_1_280' title='bbox 1083 1826 1271 1867; x_wconf 80' lang='lat' dir='ltr'>intexere)</span> <span class='ocrx_word' id='word_1_281' title='bbox 1311 1828 1349 1859; x_wconf 80' lang='lat' dir='ltr'>in</span> <span class='ocrx_word' id='word_1_282' title='bbox 1386 1827 1554 1870; x_wconf 78' lang='lat' dir='ltr'>dialogos</span> 
     </span>
     <span class='ocr_line' id='line_1_33' title="bbox 100 1871 1554 1920; baseline 0 -14"><span class='ocrx_word' id='word_1_283' title='bbox 100 1885 231 1907; x_wconf 70' lang='lat' dir='ltr'>eorum,</span> <span class='ocrx_word' id='word_1_284' title='bbox 259 1872 321 1916; x_wconf 76' lang='lat' dir='ltr'>qui</span> <span class='ocrx_word' id='word_1_285' title='bbox 345 1875 511 1912; x_wconf 77' lang='lat' dir='ltr'>viverent,</span> <span class='ocrx_word' id='word_1_286' title='bbox 538 1871 682 1905; x_wconf 86' lang='lat' dir='ltr'>keinen</span> <span class='ocrx_word' id='word_1_287' title='bbox 708 1871 907 1907; x_wconf 86' lang='lat' dir='ltr'>Lebenden</span> <span class='ocrx_word' id='word_1_288' title='bbox 941 1874 984 1906; x_wconf 90' lang='lat' dir='ltr'>in</span> <span class='ocrx_word' id='word_1_289' title='bbox 1018 1875 1173 1908; x_wconf 85' lang='lat' dir='ltr'>meinen</span> <span class='ocrx_word' id='word_1_290' title='bbox 1199 1873 1385 1920; x_wconf 80' lang='lat' dir='ltr'>Dialogen</span> <span class='ocrx_word' id='word_1_291' title='bbox 1411 1872 1554 1906; x_wconf 67' lang='lat' dir='ltr'>austre-</span> 
     </span>
     <span class='ocr_line' id='line_1_34' title="bbox 99 1919 1555 1967; baseline -0.001 -14"><span class='ocrx_word' id='word_1_292' title='bbox 99 1926 164 1954; x_wconf 83' lang='lat' dir='ltr'>ten</span> <span class='ocrx_word' id='word_1_293' title='bbox 191 1932 237 1952; x_wconf 92' lang='lat' dir='ltr'>zu</span> <span class='ocrx_word' id='word_1_294' title='bbox 263 1920 397 1952; x_wconf 86' lang='lat' dir='ltr'>lassen.</span> <span class='ocrx_word' id='word_1_295' title='bbox 432 1919 522 1967; x_wconf 85' lang='lat' dir='ltr'>Vgl.</span> <span class='ocrx_word' id='word_1_296' title='bbox 550 1931 606 1964; x_wconf 86' lang='lat' dir='ltr'>ep.</span> <span class='ocrx_word' id='word_1_297' title='bbox 638 1921 717 1959; x_wconf 58' lang='lat'>1³49,</span> <span class='ocrx_word' id='word_1_298' title='bbox 743 1920 776 1952; x_wconf 85' lang='lat'>2.</span> <span class='ocrx_word' id='word_1_299' title='bbox 814 1923 894 1962; x_wconf 85' lang='lat'>138,</span> <span class='ocrx_word' id='word_1_300' title='bbox 923 1925 954 1955; x_wconf 88' lang='lat'>1.</span> <span class='ocrx_word' id='word_1_301' title='bbox 990 1924 1070 1960; x_wconf 71' lang='lat'>154,</span> <span class='ocrx_word' id='word_1_302' title='bbox 1098 1924 1130 1955; x_wconf 87' lang='lat'>1.</span> <span class='ocrx_word' id='word_1_303' title='bbox 1166 1923 1246 1963; x_wconf 68' lang='lat'>148,</span> <span class='ocrx_word' id='word_1_304' title='bbox 1273 1923 1330 1955; x_wconf 84' lang='lat'>23.</span> <span class='ocrx_word' id='word_1_305' title='bbox 1355 1939 1401 1944; x_wconf 97' lang='lat'><strong>—</strong></span> <span class='ocrx_word' id='word_1_306' title='bbox 1426 1921 1555 1965; x_wconf 76' lang='lat' dir='ltr'>magni</span> 
     </span>
     <span class='ocr_line' id='line_1_35' title="bbox 102 1967 1553 2013; baseline -0.001 -11"><span class='ocrx_word' id='word_1_307' title='bbox 102 1973 203 2009; x_wconf 61' lang='lat' dir='ltr'>aest„</span> <span class='ocrx_word' id='word_1_308' title='bbox 229 1967 308 1999; x_wconf 87' lang='lat' dir='ltr'>und</span> <span class='ocrx_word' id='word_1_309' title='bbox 342 1967 429 2013; x_wconf 78' lang='lat' dir='ltr'>lege</span> <span class='ocrx_word' id='word_1_310' title='bbox 463 1968 575 2000; x_wconf 84' lang='lat' dir='ltr'>einen</span> <span class='ocrx_word' id='word_1_311' title='bbox 610 1977 765 2013; x_wconf 73' lang='lat' dir='ltr'>gl&#39;ossen</span> <span class='ocrx_word' id='word_1_312' title='bbox 789 1967 935 2002; x_wconf 69' lang='lat' dir='ltr'>Werfh</span> <span class='ocrx_word' id='word_1_313' title='bbox 971 1969 1112 2003; x_wconf 86' lang='lat' dir='ltr'>darauf.</span> <span class='ocrx_word' id='word_1_314' title='bbox 1140 1987 1181 1994; x_wconf 90' lang='lat'>—</span> <span class='ocrx_word' id='word_1_315' title='bbox 1220 1970 1388 2004; x_wconf 75' lang='lat' dir='ltr'>Academ.</span> <span class='ocrx_word' id='word_1_316' title='bbox 1417 1980 1553 2001; x_wconf 76' lang='lat' dir='ltr'>omnem</span> 
     </span>
     <span class='ocr_line' id='line_1_36' title="bbox 102 2014 1554 2062; baseline -0.001 -13"><span class='ocrx_word' id='word_1_317' title='bbox 102 2019 255 2062; x_wconf 58' lang='lat' dir='ltr'>quaest„</span> <span class='ocrx_word' id='word_1_318' title='bbox 289 2014 360 2048; x_wconf 90' lang='lat' dir='ltr'>den</span> <span class='ocrx_word' id='word_1_319' title='bbox 386 2026 534 2062; x_wconf 80' lang='lat' dir='ltr'>ganzen</span> <span class='ocrx_word' id='word_1_320' title='bbox 559 2014 679 2049; x_wconf 82' lang='lat' dir='ltr'>Streit</span> <span class='ocrx_word' id='word_1_321' title='bbox 710 2015 906 2049; x_wconf 85' lang='lat' dir='ltr'>zwischen</span> <span class='ocrx_word' id='word_1_322' title='bbox 933 2017 1002 2050; x_wconf 89' lang='lat' dir='ltr'>der</span> <span class='ocrx_word' id='word_1_323' title='bbox 1025 2018 1129 2051; x_wconf 87' lang='lat' dir='ltr'>alten</span> <span class='ocrx_word' id='word_1_324' title='bbox 1153 2016 1231 2049; x_wconf 83' lang='lat' dir='ltr'>und</span> <span class='ocrx_word' id='word_1_325' title='bbox 1256 2028 1382 2050; x_wconf 87' lang='lat' dir='ltr'>neuen</span> <span class='ocrx_word' id='word_1_326' title='bbox 1408 2015 1554 2049; x_wconf 85' lang='lat' dir='ltr'>Akade-</span> 
     </span>
     <span class='ocr_line' id='line_1_37' title="bbox 102 2061 1554 2109; baseline 0.001 -13"><span class='ocrx_word' id='word_1_327' title='bbox 102 2064 189 2096; x_wconf 83' lang='lat' dir='ltr'>mie.</span> <span class='ocrx_word' id='word_1_328' title='bbox 216 2081 260 2087; x_wconf 89' lang='lat'>--</span> <span class='ocrx_word' id='word_1_329' title='bbox 286 2062 472 2096; x_wconf 72' lang='grc' dir='ltr'>ἀκαταλ.</span> <span class='ocrx_word' id='word_1_330' title='bbox 509 2063 533 2095; x_wconf 92' lang='lat' dir='ltr'>i.</span> <span class='ocrx_word' id='word_1_331' title='bbox 563 2073 594 2095; x_wconf 90' lang='lat' dir='ltr'>e.</span> <span class='ocrx_word' id='word_1_332' title='bbox 625 2073 705 2095; x_wconf 87' lang='lat' dir='ltr'>eam</span> <span class='ocrx_word' id='word_1_333' title='bbox 731 2061 919 2097; x_wconf 85' lang='lat' dir='ltr'>Arcesilai</span> <span class='ocrx_word' id='word_1_334' title='bbox 953 2065 1188 2109; x_wconf 87' lang='lat' dir='ltr'>opinionem,</span> <span class='ocrx_word' id='word_1_335' title='bbox 1223 2074 1296 2107; x_wconf 82' lang='lat' dir='ltr'>qua</span> <span class='ocrx_word' id='word_1_336' title='bbox 1320 2063 1422 2096; x_wconf 89' lang='lat' dir='ltr'>nihil</span> <span class='ocrx_word' id='word_1_337' title='bbox 1448 2074 1554 2097; x_wconf 88' lang='lat' dir='ltr'>com-</span> 
     </span>
     <span class='ocr_line' id='line_1_38' title="bbox 100 2108 1554 2159; baseline 0 -16"><span class='ocrx_word' id='word_1_338' title='bbox 100 2109 289 2156; x_wconf 77' lang='lat' dir='ltr'>prehendi</span> <span class='ocrx_word' id='word_1_339' title='bbox 315 2121 421 2154; x_wconf 81' lang='lat' dir='ltr'>posse</span> <span class='ocrx_word' id='word_1_340' title='bbox 448 2108 635 2152; x_wconf 79' lang='lat' dir='ltr'>dicerent,</span> <span class='ocrx_word' id='word_1_341' title='bbox 670 2120 797 2156; x_wconf 82' lang='lat' dir='ltr'>gegen</span> <span class='ocrx_word' id='word_1_342' title='bbox 831 2111 890 2144; x_wconf 88' lang='lat' dir='ltr'>die</span> <span class='ocrx_word' id='word_1_343' title='bbox 915 2111 1182 2159; x_wconf 81' lang='lat' dir='ltr'>Behauptuug,</span> <span class='ocrx_word' id='word_1_344' title='bbox 1218 2111 1298 2145; x_wconf 83' lang='lat' dir='ltr'>dass</span> <span class='ocrx_word' id='word_1_345' title='bbox 1323 2110 1461 2144; x_wconf 83' lang='lat' dir='ltr'>Nichts</span> <span class='ocrx_word' id='word_1_346' title='bbox 1493 2110 1554 2144; x_wconf 91' lang='lat' dir='ltr'>be-</span> 
     </span>
     <span class='ocr_line' id='line_1_39' title="bbox 102 2156 1555 2207; baseline -0.001 -16"><span class='ocrx_word' id='word_1_347' title='bbox 102 2157 286 2207; x_wconf 83' lang='lat' dir='ltr'>greiflich</span> <span class='ocrx_word' id='word_1_348' title='bbox 312 2157 376 2191; x_wconf 86' lang='lat' dir='ltr'>sei.</span> <span class='ocrx_word' id='word_1_349' title='bbox 404 2175 447 2182; x_wconf 90' lang='lat'><em>-</em></span> <span class='ocrx_word' id='word_1_350' title='bbox 489 2158 644 2191; x_wconf 82' lang='lat' dir='ltr'>Varroni</span> <span class='ocrx_word' id='word_1_351' title='bbox 670 2159 764 2198; x_wconf 82' lang='lat' dir='ltr'>dedi,</span> <span class='ocrx_word' id='word_1_352' title='bbox 796 2156 891 2192; x_wconf 85' lang='lat' dir='ltr'>habe</span> <span class='ocrx_word' id='word_1_353' title='bbox 917 2158 981 2192; x_wconf 87' lang='lat' dir='ltr'>ich</span> <span class='ocrx_word' id='word_1_354' title='bbox 1006 2159 1091 2194; x_wconf 85' lang='lat' dir='ltr'>dem</span> <span class='ocrx_word' id='word_1_355' title='bbox 1117 2160 1244 2195; x_wconf 83' lang='lat' dir='ltr'>Varro</span> <span class='ocrx_word' id='word_1_356' title='bbox 1270 2159 1312 2192; x_wconf 86' lang='lat' dir='ltr'>in</span> <span class='ocrx_word' id='word_1_357' title='bbox 1337 2158 1411 2192; x_wconf 86' lang='lat' dir='ltr'>den</span> <span class='ocrx_word' id='word_1_358' title='bbox 1438 2158 1555 2191; x_wconf 81' lang='lat' dir='ltr'>Mund</span> 
     </span>
     <span class='ocr_line' id='line_1_40' title="bbox 103 2205 1554 2253; baseline 0.001 -14"><span class='ocrx_word' id='word_1_359' title='bbox 103 2206 243 2253; x_wconf 81' lang='lat' dir='ltr'>gelegt.</span> <span class='ocrx_word' id='word_1_360' title='bbox 281 2224 322 2229; x_wconf 88' lang='lat'>—</span> <span class='ocrx_word' id='word_1_361' title='bbox 362 2205 402 2238; x_wconf 86' lang='lat' dir='ltr'>C.</span> <span class='ocrx_word' id='word_1_362' title='bbox 432 2206 574 2239; x_wconf 78' lang='lat' dir='ltr'>Cottam</span> <span class='ocrx_word' id='word_1_363' title='bbox 601 2210 792 2238; x_wconf 85' lang='lat' dir='ltr'>oratorem</span> <span class='ocrx_word' id='word_1_364' title='bbox 820 2211 856 2239; x_wconf 90' lang='lat' dir='ltr'>et</span> <span class='ocrx_word' id='word_1_365' title='bbox 883 2205 1164 2241; x_wconf 81' lang='lat' dir='ltr'>Academicum.</span> <span class='ocrx_word' id='word_1_366' title='bbox 1197 2206 1283 2240; x_wconf 84' lang='lat' dir='ltr'>Vid.</span> <span class='ocrx_word' id='word_1_367' title='bbox 1310 2206 1412 2239; x_wconf 77' lang='lat' dir='ltr'>Brut.</span> <span class='ocrx_word' id='word_1_368' title='bbox 1441 2217 1470 2240; x_wconf 91' lang='lat' dir='ltr'>c.</span> <span class='ocrx_word' id='word_1_369' title='bbox 1498 2208 1554 2242; x_wconf 68' lang='lat'>49.</span> 
     </span>
     <span class='ocr_line' id='line_1_41' title="bbox 100 2251 1555 2298; baseline 0 -12"><span class='ocrx_word' id='word_1_370' title='bbox 100 2253 320 2287; x_wconf 73' lang='lat' dir='ltr'>ERNESTI.</span> <span class='ocrx_word' id='word_1_371' title='bbox 346 2272 392 2278; x_wconf 98' lang='lat'><strong>—</strong></span> <span class='ocrx_word' id='word_1_372' title='bbox 409 2252 534 2297; x_wconf 81' lang='lat' dir='ltr'>feciss.</span> <span class='ocrx_word' id='word_1_373' title='bbox 573 2252 699 2287; x_wconf 85' lang='lat' dir='ltr'>Ueber</span> <span class='ocrx_word' id='word_1_374' title='bbox 714 2251 843 2295; x_wconf 78' lang='lat' dir='ltr'>facere</span> <span class='ocrx_word' id='word_1_375' title='bbox 867 2264 915 2285; x_wconf 87' lang='lat'><strong><em>=</em></strong></span> <span class='ocrx_word' id='word_1_376' title='bbox 939 2255 1074 2298; x_wconf 83' lang='lat' dir='ltr'>lassen,</span> <span class='ocrx_word' id='word_1_377' title='bbox 1101 2267 1128 2289; x_wconf 90' lang='lat' dir='ltr'>s.</span> <span class='ocrx_word' id='word_1_378' title='bbox 1157 2254 1307 2288; x_wconf 84' lang='lat' dir='ltr'>Ramsh.</span> <span class='ocrx_word' id='word_1_379' title='bbox 1336 2257 1366 2296; x_wconf 84' lang='lat'>§.</span> <span class='ocrx_word' id='word_1_380' title='bbox 1395 2256 1476 2295; x_wconf 87' lang='lat'>171,</span> <span class='ocrx_word' id='word_1_381' title='bbox 1504 2255 1555 2295; x_wconf 88' lang='grc' dir='ltr'>ΙΙ,</span> 
     </span>
     <span class='ocr_line' id='line_1_42' title="bbox 104 2301 1555 2350; baseline 0 -16"><span class='ocrx_word' id='word_1_382' title='bbox 104 2301 147 2337; x_wconf 86' lang='grc' dir='ltr'>Α.</span> <span class='ocrx_word' id='word_1_383' title='bbox 183 2304 214 2334; x_wconf 90' lang='grc'>1.</span> <span class='ocrx_word' id='word_1_384' title='bbox 251 2302 332 2342; x_wconf 79' lang='grc'>192,</span> <span class='ocrx_word' id='word_1_385' title='bbox 369 2304 402 2335; x_wconf 87' lang='grc'>1.</span> <span class='ocrx_word' id='word_1_386' title='bbox 445 2320 484 2327; x_wconf 89' lang='lat'>-</span> <span class='ocrx_word' id='word_1_387' title='bbox 520 2302 727 2342; x_wconf 82' lang='lat' dir='ltr'>admoneor,</span> <span class='ocrx_word' id='word_1_388' title='bbox 771 2301 846 2336; x_wconf 81' lang='lat' dir='ltr'>wie</span> <span class='ocrx_word' id='word_1_389' title='bbox 884 2301 943 2334; x_wconf 91' lang='lat' dir='ltr'>Du</span> <span class='ocrx_word' id='word_1_390' title='bbox 976 2302 1055 2336; x_wconf 87' lang='lat' dir='ltr'>mir</span> <span class='ocrx_word' id='word_1_391' title='bbox 1088 2301 1338 2350; x_wconf 75' lang='lat' dir='ltr'>vorschl&#39;agst.</span> <span class='ocrx_word' id='word_1_392' title='bbox 1366 2321 1412 2327; x_wconf 88' lang='lat'>—</span> <span class='ocrx_word' id='word_1_393' title='bbox 1450 2314 1555 2347; x_wconf 81' lang='grc' dir='ltr'>κωφ.</span> 
     </span>
     <span class='ocr_line' id='line_1_43' title="bbox 103 2347 633 2394; baseline -0.004 -12"><span class='ocrx_word' id='word_1_394' title='bbox 103 2347 309 2394; x_wconf 77' lang='grc' dir='ltr'>πρόςωπ.,</span> <span class='ocrx_word' id='word_1_395' title='bbox 334 2353 438 2381; x_wconf 82' lang='lat' dir='ltr'>muta</span> <span class='ocrx_word' id='word_1_396' title='bbox 462 2358 633 2393; x_wconf 86' lang='lat' dir='ltr'>persona.</span> 
     </span>
    </p>
   </div>
   <div class='ocr_carea' id='block_1_5' title="bbox 103 2407 1559 2740">
    <p class='ocr_par' dir='ltr' id='par_1_5' title="bbox 103 2407 1559 2740">
     <span class='ocr_line' id='line_1_44' title="bbox 199 2407 1556 2453; baseline -0.001 -11"><span class='ocrx_word' id='word_1_397' title='bbox 199 2410 232 2442; x_wconf 67' lang='grc'>[1.</span> <span class='ocrx_word' id='word_1_398' title='bbox 283 2409 320 2441; x_wconf 85' lang='lat' dir='ltr'>in</span> <span class='ocrx_word' id='word_1_399' title='bbox 347 2409 511 2453; x_wconf 77' lang='lat' dir='ltr'>antiquis</span> <span class='ocrx_word' id='word_1_400' title='bbox 535 2409 712 2451; x_wconf 82' lang='lat' dir='ltr'>personis,</span> <span class='ocrx_word' id='word_1_401' title='bbox 745 2418 860 2441; x_wconf 89' lang='lat' dir='ltr'>wenn</span> <span class='ocrx_word' id='word_1_402' title='bbox 883 2420 972 2441; x_wconf 86' lang='lat' dir='ltr'>man</span> <span class='ocrx_word' id='word_1_403' title='bbox 998 2409 1188 2444; x_wconf 88' lang='lat' dir='ltr'>Personen</span> <span class='ocrx_word' id='word_1_404' title='bbox 1222 2421 1287 2443; x_wconf 81' lang='lat' dir='ltr'>aus</span> <span class='ocrx_word' id='word_1_405' title='bbox 1321 2409 1405 2443; x_wconf 86' lang='grc'>(19111</span> <span class='ocrx_word' id='word_1_406' title='bbox 1432 2407 1556 2442; x_wconf 86' lang='lat' dir='ltr'>Alter-</span> 
     </span>
     <span class='ocr_line' id='line_1_45' title="bbox 104 2453 1555 2496; baseline 0 -9"><span class='ocrx_word' id='word_1_407' title='bbox 104 2453 216 2487; x_wconf 76' lang='lat' dir='ltr'>thum</span> <span class='ocrx_word' id='word_1_408' title='bbox 242 2456 431 2488; x_wconf 84' lang='lat' dir='ltr'>auftreten</span> <span class='ocrx_word' id='word_1_409' title='bbox 456 2456 554 2489; x_wconf 70' lang='lat' dir='ltr'>l&#39;zisst.</span> <span class='ocrx_word' id='word_1_410' title='bbox 579 2474 626 2479; x_wconf 97' lang='lat'><strong>—</strong></span> <span class='ocrx_word' id='word_1_411' title='bbox 652 2457 861 2489; x_wconf 78' lang='lat' dir='ltr'>Heraclides</span> <span class='ocrx_word' id='word_1_412' title='bbox 884 2456 1073 2496; x_wconf 81' lang='lat' dir='ltr'>Ponticus,</span> <span class='ocrx_word' id='word_1_413' title='bbox 1107 2458 1243 2492; x_wconf 78' lang='lat' dir='ltr'>Plato&#39;s</span> <span class='ocrx_word' id='word_1_414' title='bbox 1269 2457 1348 2490; x_wconf 86' lang='lat' dir='ltr'>und</span> <span class='ocrx_word' id='word_1_415' title='bbox 1376 2456 1438 2490; x_wconf 87' lang='lat' dir='ltr'>des</span> <span class='ocrx_word' id='word_1_416' title='bbox 1465 2455 1555 2488; x_wconf 88' lang='lat' dir='ltr'>Ari-</span> 
     </span>
     <span class='ocr_line' id='line_1_46' title="bbox 104 2501 1556 2544; baseline 0.001 -9"><span class='ocrx_word' id='word_1_417' title='bbox 104 2502 258 2535; x_wconf 77' lang='lat' dir='ltr'>stoteles</span> <span class='ocrx_word' id='word_1_418' title='bbox 294 2502 469 2544; x_wconf 82' lang='lat' dir='ltr'>Schiiler,</span> <span class='ocrx_word' id='word_1_419' title='bbox 508 2514 584 2536; x_wconf 87' lang='lat' dir='ltr'>von</span> <span class='ocrx_word' id='word_1_420' title='bbox 623 2502 753 2536; x_wconf 82' lang='lat' dir='ltr'>dessen</span> <span class='ocrx_word' id='word_1_421' title='bbox 783 2501 959 2537; x_wconf 56' lang='lat' dir='ltr'>WVerken</span> <span class='ocrx_word' id='word_1_422' title='bbox 995 2503 1080 2536; x_wconf 88' lang='lat' dir='ltr'>sich</span> <span class='ocrx_word' id='word_1_423' title='bbox 1112 2517 1188 2538; x_wconf 87' lang='lat' dir='ltr'>nur</span> <span class='ocrx_word' id='word_1_424' title='bbox 1222 2505 1282 2538; x_wconf 89' lang='lat' dir='ltr'>die</span> <span class='ocrx_word' id='word_1_425' title='bbox 1313 2503 1417 2537; x_wconf 79' lang='lat' dir='ltr'>Titel</span> <span class='ocrx_word' id='word_1_426' title='bbox 1450 2502 1556 2536; x_wconf 84' lang='lat' dir='ltr'>beim</span> 
     </span>
     <span class='ocr_line' id='line_1_47' title="bbox 103 2549 1556 2596; baseline 0.001 -13"><span class='ocrx_word' id='word_1_427' title='bbox 103 2550 293 2596; x_wconf 82' lang='lat' dir='ltr'>Diogenes</span> <span class='ocrx_word' id='word_1_428' title='bbox 320 2550 490 2583; x_wconf 83' lang='lat' dir='ltr'>La&#39;e&#39;rtius</span> <span class='ocrx_word' id='word_1_429' title='bbox 518 2550 693 2583; x_wconf 85' lang='lat' dir='ltr'>erhalten</span> <span class='ocrx_word' id='word_1_430' title='bbox 720 2549 852 2584; x_wconf 81' lang='lat' dir='ltr'>haben.</span> <span class='ocrx_word' id='word_1_431' title='bbox 879 2550 912 2584; x_wconf 92' lang='lat' dir='ltr'>S.</span> <span class='ocrx_word' id='word_1_432' title='bbox 933 2552 1003 2595; x_wconf 88' lang='lat' dir='ltr'>Ep.</span> <span class='ocrx_word' id='word_1_433' title='bbox 1023 2553 1102 2586; x_wconf 73' lang='lat'>154.</span> <span class='ocrx_word' id='word_1_434' title='bbox 1129 2552 1279 2586; x_wconf 85' lang='lat' dir='ltr'>Tuscul.</span> <span class='ocrx_word' id='word_1_435' title='bbox 1298 2551 1428 2595; x_wconf 87' lang='lat' dir='ltr'>Dispp.</span> <span class='ocrx_word' id='word_1_436' title='bbox 1456 2550 1503 2587; x_wconf 82' lang='lat' dir='ltr'>V,</span> <span class='ocrx_word' id='word_1_437' title='bbox 1522 2553 1556 2585; x_wconf 89' lang='grc'>3.</span> 
     </span>
     <span class='ocr_line' id='line_1_48' title="bbox 103 2596 1557 2644; baseline -0.001 -13"><span class='ocrx_word' id='word_1_438' title='bbox 103 2597 266 2644; x_wconf 76' lang='lat' dir='ltr'>Diogen.</span> <span class='ocrx_word' id='word_1_439' title='bbox 295 2597 419 2629; x_wconf 53' lang='lat' dir='ltr'>Laert.</span> <span class='ocrx_word' id='word_1_440' title='bbox 446 2598 489 2637; x_wconf 91' lang='lat' dir='ltr'>V,</span> <span class='ocrx_word' id='word_1_441' title='bbox 507 2600 540 2632; x_wconf 90' lang='lat'>6.</span> <span class='ocrx_word' id='word_1_442' title='bbox 559 2616 605 2622; x_wconf 90' lang='lat'><strong>—</strong></span> <span class='ocrx_word' id='word_1_443' title='bbox 630 2597 784 2643; x_wconf 80' lang='grc' dir='ltr'>Ἀριστ.</span> <span class='ocrx_word' id='word_1_444' title='bbox 812 2609 949 2631; x_wconf 77' lang='lat' dir='ltr'>morem</span> <span class='ocrx_word' id='word_1_445' title='bbox 973 2598 1116 2640; x_wconf 75' lang='lat' dir='ltr'>hahent,</span> <span class='ocrx_word' id='word_1_446' title='bbox 1142 2599 1204 2632; x_wconf 89' lang='lat' dir='ltr'>das</span> <span class='ocrx_word' id='word_1_447' title='bbox 1230 2600 1279 2631; x_wconf 86' lang='lat' dir='ltr'>ist</span> <span class='ocrx_word' id='word_1_448' title='bbox 1304 2597 1403 2631; x_wconf 83' lang='lat' dir='ltr'>nach</span> <span class='ocrx_word' id='word_1_449' title='bbox 1420 2596 1557 2632; x_wconf 84' lang='lat' dir='ltr'>Weise</span> 
     </span>
     <span class='ocr_line' id='line_1_49' title="bbox 104 2643 1559 2692; baseline 0.001 -17"><span class='ocrx_word' id='word_1_450' title='bbox 104 2643 166 2677; x_wconf 86' lang='lat' dir='ltr'>des</span> <span class='ocrx_word' id='word_1_451' title='bbox 193 2644 416 2678; x_wconf 82' lang='lat' dir='ltr'>Aristoteles</span> <span class='ocrx_word' id='word_1_452' title='bbox 442 2646 622 2692; x_wconf 81' lang='lat' dir='ltr'>geformt.</span> <span class='ocrx_word' id='word_1_453' title='bbox 657 2663 703 2669; x_wconf 91' lang='lat'>—</span> <span class='ocrx_word' id='word_1_454' title='bbox 738 2647 986 2690; x_wconf 78' lang='lat' dir='ltr'>principatus,</span> <span class='ocrx_word' id='word_1_455' title='bbox 1018 2646 1077 2679; x_wconf 88' lang='lat' dir='ltr'>die</span> <span class='ocrx_word' id='word_1_456' title='bbox 1103 2646 1343 2690; x_wconf 80' lang='lat' dir='ltr'>Hauptrolle,</span> <span class='ocrx_word' id='word_1_457' title='bbox 1379 2645 1448 2678; x_wconf 80' lang='lat' dir='ltr'>die</span> <span class='ocrx_word' id='word_1_458' title='bbox 1476 2649 1559 2676; x_wconf 80' lang='lat' dir='ltr'>ent-</span> 
     </span>
     <span class='ocr_line' id='line_1_50' title="bbox 104 2690 1559 2740; baseline 0 -17"><span class='ocrx_word' id='word_1_459' title='bbox 104 2690 333 2725; x_wconf 87' lang='lat' dir='ltr'>scheidende</span> <span class='ocrx_word' id='word_1_460' title='bbox 371 2692 543 2726; x_wconf 82' lang='lat' dir='ltr'>Stinnne.</span> <span class='ocrx_word' id='word_1_461' title='bbox 603 2692 714 2725; x_wconf 72' lang='lat' dir='ltr'>Die&lt;o</span> <span class='ocrx_word' id='word_1_462' title='bbox 750 2693 940 2740; x_wconf 75' lang='lat' dir='ltr'>Dialogen</span> <span class='ocrx_word' id='word_1_463' title='bbox 976 2693 1038 2727; x_wconf 76' lang='lat' dir='ltr'>des</span> <span class='ocrx_word' id='word_1_464' title='bbox 1073 2693 1297 2727; x_wconf 85' lang='lat' dir='ltr'>Aristoteles</span> <span class='ocrx_word' id='word_1_465' title='bbox 1330 2693 1417 2726; x_wconf 80' lang='lat' dir='ltr'>sind.</span> <span class='ocrx_word' id='word_1_466' title='bbox 1450 2691 1559 2724; x_wconf 80' lang='lat' dir='ltr'>nicht</span> 
     </span>
    </p>
   </div>
   <div class='ocr_carea' id='block_1_6' title="bbox 166 2756 1259 2796">
    <p class='ocr_par' dir='ltr' id='par_1_6' title="bbox 166 2756 1259 2796">
     <span class='ocr_line' id='line_1_51' title="bbox 166 2756 1259 2796; baseline 0 -2"><span class='ocrx_word' id='word_1_467' title='bbox 166 2761 247 2796; x_wconf 81' lang='lat' dir='ltr'>Cic.</span> <span class='ocrx_word' id='word_1_468' title='bbox 264 2762 392 2796; x_wconf 83' lang='lat' dir='ltr'>Briefe</span> <span class='ocrx_word' id='word_1_469' title='bbox 406 2774 439 2795; x_wconf 87' lang='lat' dir='ltr'>v.</span> <span class='ocrx_word' id='word_1_470' title='bbox 455 2762 612 2795; x_wconf 86' lang='lat' dir='ltr'>Billerb.</span> <span class='ocrx_word' id='word_1_471' title='bbox 642 2763 711 2795; x_wconf 80' lang='lat'>111.</span> <span class='ocrx_word' id='word_1_472' title='bbox 1204 2756 1259 2795; x_wconf 54' lang='lat'>2¹1</span> 
     </span>
    </p>
   </div>
  </div>
 </body>
</html>
