<?xml version="1.0" encoding="UTF-8"?>
<!DOCTYPE html PUBLIC "-//W3C//DTD XHTML 1.0 Transitional//EN"
    "http://www.w3.org/TR/xhtml1/DTD/xhtml1-transitional.dtd">
<html xmlns="http://www.w3.org/1999/xhtml" xml:lang="en" lang="en">
 <head>
  <title>
</title>
<meta http-equiv="Content-Type" content="text/html;charset=utf-8" />
  <meta name='ocr-system' content='tesseract 3.04.00' />
  <meta name='ocr-capabilities' content='ocr_page ocr_carea ocr_par ocr_line ocrx_word'/>
</head>
<body>
  <div class='ocr_page' id='page_1' title='image "./epistolaeadattic03ciceuoft_0142.png"; bbox 0 0 1795 3081; ppageno 0'>
   <div class='ocr_carea' id='block_1_1' title="bbox 200 107 1413 164">
    <p class='ocr_par' dir='ltr' id='par_1_1' title="bbox 200 107 1413 164">
     <span class='ocr_line' id='line_1_1' title="bbox 200 107 1413 164; baseline -0.007 -2"><span class='ocrx_word' id='word_1_1' title='bbox 200 116 296 164; x_wconf 79' lang='lat'>132</span> <span class='ocrx_word' id='word_1_2' title='bbox 466 112 530 160; x_wconf 88' lang='lat' dir='ltr'>M.</span> <span class='ocrx_word' id='word_1_3' title='bbox 565 111 618 158; x_wconf 80' lang='lat' dir='ltr'>T.</span> <span class='ocrx_word' id='word_1_4' title='bbox 655 109 995 158; x_wconf 77' lang='lat' dir='ltr'>CICERONIS</span> <span class='ocrx_word' id='word_1_5' title='bbox 1032 107 1413 157; x_wconf 79' lang='lat' dir='ltr'><strong>EPISTOLAE.</strong></span> 
     </span>
    </p>
   </div>
   <div class='ocr_carea' id='block_1_2' title="bbox 153 225 1665 1548">
    <p class='ocr_par' dir='ltr' id='par_1_2' title="bbox 153 225 1665 1548">
     <span class='ocr_line' id='line_1_2' title="bbox 199 225 1655 289; baseline -0.009 -13"><span class='ocrx_word' id='word_1_6' title='bbox 199 242 391 289; x_wconf 75' lang='lat' dir='ltr'>putares,</span> <span class='ocrx_word' id='word_1_7' title='bbox 463 231 529 271; x_wconf 88' lang='lat' dir='ltr'>De</span> <span class='ocrx_word' id='word_1_8' title='bbox 582 244 667 283; x_wconf 83' lang='lat' dir='ltr'>quo</span> <span class='ocrx_word' id='word_1_9' title='bbox 722 229 828 282; x_wconf 87' lang='lat' dir='ltr'>quid</span> <span class='ocrx_word' id='word_1_10' title='bbox 870 230 1070 279; x_wconf 75' lang='lat' dir='ltr'>sentiam,</span> <span class='ocrx_word' id='word_1_11' title='bbox 1117 229 1230 267; x_wconf 81' lang='lat' dir='ltr'>nihil</span> <span class='ocrx_word' id='word_1_12' title='bbox 1281 228 1440 267; x_wconf 74' lang='lat' dir='ltr'>attinet</span> <span class='ocrx_word' id='word_1_13' title='bbox 1482 225 1655 266; x_wconf 83' lang='lat' dir='ltr'>dicere:</span> 
     </span>
     <span class='ocr_line' id='line_1_3' title="bbox 153 282 1655 344; baseline -0.006 -16"><span class='ocrx_word' id='word_1_14' title='bbox 153 288 327 344; x_wconf 75' lang='lat' dir='ltr'>4quum</span> <span class='ocrx_word' id='word_1_15' title='bbox 359 293 585 341; x_wconf 75' lang='lat' dir='ltr'>appareat,</span> <span class='ocrx_word' id='word_1_16' title='bbox 615 287 707 339; x_wconf 89' lang='lat' dir='ltr'>ipse</span> <span class='ocrx_word' id='word_1_17' title='bbox 737 284 843 338; x_wconf 80' lang='lat' dir='ltr'>quid</span> <span class='ocrx_word' id='word_1_18' title='bbox 880 286 1073 324; x_wconf 85' lang='lat' dir='ltr'>fecerim.</span> <span class='ocrx_word' id='word_1_19' title='bbox 1132 283 1219 323; x_wconf 86' lang='lat' dir='ltr'>Sed</span> <span class='ocrx_word' id='word_1_20' title='bbox 1255 283 1429 322; x_wconf 81' lang='lat' dir='ltr'>tametsi</span> <span class='ocrx_word' id='word_1_21' title='bbox 1469 282 1556 320; x_wconf 86' lang='lat' dir='ltr'>iam</span> <span class='ocrx_word' id='word_1_22' title='bbox 1593 282 1655 319; x_wconf 71' lang='lat' dir='ltr'>ita</span> 
     </span>
     <span class='ocr_line' id='line_1_4' title="bbox 197 340 1656 393; baseline -0.008 -7"><span class='ocrx_word' id='word_1_23' title='bbox 197 345 513 393; x_wconf 78' lang='lat' dir='ltr'>constituisses,</span> <span class='ocrx_word' id='word_1_24' title='bbox 563 347 613 380; x_wconf 77' lang='lat' dir='ltr'>ut</span> <span class='ocrx_word' id='word_1_25' title='bbox 647 341 795 380; x_wconf 80' lang='lat' dir='ltr'>abesse</span> <span class='ocrx_word' id='word_1_26' title='bbox 825 347 1039 393; x_wconf 73' lang='lat' dir='ltr'>perpetuo</span> <span class='ocrx_word' id='word_1_27' title='bbox 1070 340 1237 388; x_wconf 78' lang='lat' dir='ltr'>malles,</span> <span class='ocrx_word' id='word_1_28' title='bbox 1277 351 1407 390; x_wconf 85' lang='lat' dir='ltr'>quam</span> <span class='ocrx_word' id='word_1_29' title='bbox 1437 349 1502 386; x_wconf 87' lang='lat' dir='ltr'>ea,</span> <span class='ocrx_word' id='word_1_30' title='bbox 1547 349 1656 389; x_wconf 87' lang='lat' dir='ltr'>quae</span> 
     </span>
     <span class='ocr_line' id='line_1_5' title="bbox 198 393 1655 450; baseline -0.007 -10"><span class='ocrx_word' id='word_1_31' title='bbox 198 402 354 450; x_wconf 81' lang='lat' dir='ltr'>nolles,</span> <span class='ocrx_word' id='word_1_32' title='bbox 384 397 558 437; x_wconf 83' lang='lat' dir='ltr'>videre:</span> <span class='ocrx_word' id='word_1_33' title='bbox 588 402 733 436; x_wconf 82' lang='lat' dir='ltr'>tamen</span> <span class='ocrx_word' id='word_1_34' title='bbox 763 394 809 434; x_wconf 92' lang='lat' dir='ltr'>id</span> <span class='ocrx_word' id='word_1_35' title='bbox 839 397 1038 450; x_wconf 75' lang='lat' dir='ltr'>cogitare</span> <span class='ocrx_word' id='word_1_36' title='bbox 1069 393 1265 444; x_wconf 80' lang='lat' dir='ltr'>deberes,</span> <span class='ocrx_word' id='word_1_37' title='bbox 1303 393 1554 444; x_wconf 87' lang='lat' dir='ltr'>ubieunque</span> <span class='ocrx_word' id='word_1_38' title='bbox 1591 403 1655 430; x_wconf 89' lang='lat' dir='ltr'>es—</span> 
     </span>
     <span class='ocr_line' id='line_1_6' title="bbox 198 445 1658 504; baseline -0.009 -8"><span class='ocrx_word' id='word_1_39' title='bbox 198 470 276 502; x_wconf 86' lang='lat' dir='ltr'>ses,</span> <span class='ocrx_word' id='word_1_40' title='bbox 308 461 351 493; x_wconf 67' lang='lat' dir='ltr'>te</span> <span class='ocrx_word' id='word_1_41' title='bbox 381 456 478 491; x_wconf 85' lang='lat' dir='ltr'>fore</span> <span class='ocrx_word' id='word_1_42' title='bbox 507 453 553 490; x_wconf 90' lang='lat' dir='ltr'>in</span> <span class='ocrx_word' id='word_1_43' title='bbox 583 453 675 490; x_wconf 89' lang='lat' dir='ltr'>eius</span> <span class='ocrx_word' id='word_1_44' title='bbox 704 452 854 504; x_wconf 78' lang='lat' dir='ltr'>ipsius,</span> <span class='ocrx_word' id='word_1_45' title='bbox 886 463 1013 502; x_wconf 80' lang='lat' dir='ltr'>quem</span> <span class='ocrx_word' id='word_1_46' title='bbox 1045 451 1234 504; x_wconf 66' lang='lat' dir='ltr'>fugeres7</span> <span class='ocrx_word' id='word_1_47' title='bbox 1273 453 1502 501; x_wconf 76' lang='lat' dir='ltr'><strong>potestate.</strong></span> <span class='ocrx_word' id='word_1_48' title='bbox 1571 445 1658 498; x_wconf 70' lang='lat' dir='ltr'>Qui</span> 
     </span>
     <span class='ocr_line' id='line_1_7' title="bbox 197 502 1657 561; baseline -0.007 -12"><span class='ocrx_word' id='word_1_49' title='bbox 197 513 235 549; x_wconf 90' lang='lat' dir='ltr'>si</span> <span class='ocrx_word' id='word_1_50' title='bbox 278 509 407 549; x_wconf 81' lang='lat' dir='ltr'>facile</span> <span class='ocrx_word' id='word_1_51' title='bbox 452 520 655 561; x_wconf 84' lang='lat' dir='ltr'>passurus</span> <span class='ocrx_word' id='word_1_52' title='bbox 694 513 806 545; x_wconf 75' lang='lat' dir='ltr'>esset</span> <span class='ocrx_word' id='word_1_53' title='bbox 843 512 886 545; x_wconf 77' lang='lat' dir='ltr'>te</span> <span class='ocrx_word' id='word_1_54' title='bbox 931 511 1151 544; x_wconf 72' lang='lat' dir='ltr'>carentem</span> <span class='ocrx_word' id='word_1_55' title='bbox 1194 505 1341 557; x_wconf 66' lang='lat' dir='ltr'>patria</span> <span class='ocrx_word' id='word_1_56' title='bbox 1379 508 1423 541; x_wconf 80' lang='lat' dir='ltr'>et</span> <span class='ocrx_word' id='word_1_57' title='bbox 1464 502 1657 540; x_wconf 81' lang='lat' dir='ltr'>fortunis</span> 
     </span>
     <span class='ocr_line' id='line_1_8' title="bbox 198 559 1658 616; baseline -0.007 -12"><span class='ocrx_word' id='word_1_58' title='bbox 198 565 287 604; x_wconf 80' lang='lat' dir='ltr'>tuis</span> <span class='ocrx_word' id='word_1_59' title='bbox 326 564 471 616; x_wconf 78' lang='lat' dir='ltr'>quiete</span> <span class='ocrx_word' id='word_1_60' title='bbox 502 569 545 602; x_wconf 77' lang='lat' dir='ltr'>et</span> <span class='ocrx_word' id='word_1_61' title='bbox 573 563 715 600; x_wconf 84' lang='lat' dir='ltr'>libere</span> <span class='ocrx_word' id='word_1_62' title='bbox 744 562 913 609; x_wconf 80' lang='lat' dir='ltr'>vivere,</span> <span class='ocrx_word' id='word_1_63' title='bbox 945 559 1228 615; x_wconf 81' lang='lat' dir='ltr'>cogitandum</span> <span class='ocrx_word' id='word_1_64' title='bbox 1259 559 1342 597; x_wconf 72' lang='lat' dir='ltr'>tibi</span> <span class='ocrx_word' id='word_1_65' title='bbox 1367 564 1514 597; x_wconf 79' lang='lat' dir='ltr'>tamen</span> <span class='ocrx_word' id='word_1_66' title='bbox 1545 562 1658 596; x_wconf 82' lang='lat' dir='ltr'>esset</span> 
     </span>
     <span class='ocr_line' id='line_1_9' title="bbox 198 612 1657 671; baseline -0.007 -11"><span class='ocrx_word' id='word_1_67' title='bbox 198 620 420 671; x_wconf 73' lang='lat' dir='ltr'>Romaeue</span> <span class='ocrx_word' id='word_1_68' title='bbox 449 624 493 657; x_wconf 76' lang='lat' dir='ltr'>et</span> <span class='ocrx_word' id='word_1_69' title='bbox 523 616 642 656; x_wconf 85' lang='lat' dir='ltr'>domi</span> <span class='ocrx_word' id='word_1_70' title='bbox 671 622 787 666; x_wconf 77' lang='lat' dir='ltr'>tuae,</span> <span class='ocrx_word' id='word_1_71' title='bbox 827 614 1096 655; x_wconf 82' lang='lat' dir='ltr'>cuicuimodi</span> <span class='ocrx_word' id='word_1_72' title='bbox 1126 628 1195 653; x_wconf 84' lang='lat' dir='ltr'>res</span> <span class='ocrx_word' id='word_1_73' title='bbox 1226 620 1353 664; x_wconf 82' lang='lat' dir='ltr'>esset,</span> <span class='ocrx_word' id='word_1_74' title='bbox 1389 626 1446 651; x_wconf 86' lang='lat' dir='ltr'>an</span> <span class='ocrx_word' id='word_1_75' title='bbox 1474 612 1657 664; x_wconf 86' lang='lat' dir='ltr'>Mytile-</span> 
     </span>
     <span class='ocr_line' id='line_1_10' title="bbox 199 669 1661 722; baseline -0.005 -9"><span class='ocrx_word' id='word_1_76' title='bbox 199 676 265 713; x_wconf 85' lang='lat' dir='ltr'>nis</span> <span class='ocrx_word' id='word_1_77' title='bbox 294 680 369 714; x_wconf 82' lang='lat' dir='ltr'>aut</span> <span class='ocrx_word' id='word_1_78' title='bbox 397 672 544 712; x_wconf 84' lang='lat' dir='ltr'>Rhodi</span> <span class='ocrx_word' id='word_1_79' title='bbox 573 671 725 710; x_wconf 84' lang='lat' dir='ltr'>malles</span> <span class='ocrx_word' id='word_1_80' title='bbox 754 672 920 711; x_wconf 80' lang='lat' dir='ltr'>vivere.</span> <span class='ocrx_word' id='word_1_81' title='bbox 981 669 1068 709; x_wconf 86' lang='lat' dir='ltr'>Sed</span> <span class='ocrx_word' id='word_1_82' title='bbox 1109 683 1243 722; x_wconf 84' lang='lat' dir='ltr'>quum</span> <span class='ocrx_word' id='word_1_83' title='bbox 1279 671 1342 708; x_wconf 86' lang='lat' dir='ltr'>ita</span> <span class='ocrx_word' id='word_1_84' title='bbox 1380 669 1469 707; x_wconf 83' lang='lat' dir='ltr'>late</span> <span class='ocrx_word' id='word_1_85' title='bbox 1511 671 1661 720; x_wconf 80' lang='lat' dir='ltr'>pateat</span> 
     </span>
     <span class='ocr_line' id='line_1_11' title="bbox 199 723 1659 781; baseline -0.005 -13"><span class='ocrx_word' id='word_1_86' title='bbox 199 731 292 769; x_wconf 85' lang='lat' dir='ltr'>eius</span> <span class='ocrx_word' id='word_1_87' title='bbox 328 734 536 781; x_wconf 74' lang='lat' dir='ltr'>potestas,</span> <span class='ocrx_word' id='word_1_88' title='bbox 573 740 700 778; x_wconf 85' lang='lat' dir='ltr'>quem</span> <span class='ocrx_word' id='word_1_89' title='bbox 738 739 960 776; x_wconf 74' lang='lat' dir='ltr'>veremur,</span> <span class='ocrx_word' id='word_1_90' title='bbox 998 732 1048 764; x_wconf 76' lang='lat' dir='ltr'>ut</span> <span class='ocrx_word' id='word_1_91' title='bbox 1085 731 1310 764; x_wconf 76' lang='lat' dir='ltr'>terrarum</span> <span class='ocrx_word' id='word_1_92' title='bbox 1346 723 1499 762; x_wconf 82' lang='lat' dir='ltr'>orbem</span> <span class='ocrx_word' id='word_1_93' title='bbox 1542 734 1659 761; x_wconf 87' lang='lat' dir='ltr'>com-</span> 
     </span>
     <span class='ocr_line' id='line_1_12' title="bbox 199 778 1659 838; baseline -0.005 -15"><span class='ocrx_word' id='word_1_94' title='bbox 199 784 444 838; x_wconf 27' lang='lat' dir='ltr'>plexaffsit:</span> <span class='ocrx_word' id='word_1_95' title='bbox 492 795 637 820; x_wconf 85' lang='lat' dir='ltr'>nonne</span> <span class='ocrx_word' id='word_1_96' title='bbox 676 782 814 820; x_wconf 68' lang='lat' dir='ltr'>mavis</span> <span class='ocrx_word' id='word_1_97' title='bbox 860 782 953 820; x_wconf 86' lang='lat' dir='ltr'>sine</span> <span class='ocrx_word' id='word_1_98' title='bbox 999 781 1200 833; x_wconf 83' lang='lat' dir='ltr'>periculo</span> <span class='ocrx_word' id='word_1_99' title='bbox 1245 785 1348 818; x_wconf 80' lang='lat' dir='ltr'>tuae</span> <span class='ocrx_word' id='word_1_100' title='bbox 1389 778 1510 817; x_wconf 88' lang='lat' dir='ltr'>domi</span> <span class='ocrx_word' id='word_1_101' title='bbox 1552 789 1659 826; x_wconf 85' lang='lat' dir='ltr'>esse,</span> 
     </span>
     <span class='ocr_line' id='line_1_13' title="bbox 199 835 1660 892; baseline -0.005 -14"><span class='ocrx_word' id='word_1_102' title='bbox 199 852 328 892; x_wconf 82' lang='lat' dir='ltr'>quam</span> <span class='ocrx_word' id='word_1_103' title='bbox 361 852 460 876; x_wconf 85' lang='lat' dir='ltr'>cum</span> <span class='ocrx_word' id='word_1_104' title='bbox 489 836 690 889; x_wconf 82' lang='lat' dir='ltr'>periculo</span> <span class='ocrx_word' id='word_1_105' title='bbox 721 837 918 874; x_wconf 84' lang='lat' dir='ltr'>alienae?</span> <span class='ocrx_word' id='word_1_106' title='bbox 961 835 1186 887; x_wconf 64' lang='lat' dir='ltr'>Equidem„</span> <span class='ocrx_word' id='word_1_107' title='bbox 1225 837 1358 873; x_wconf 79' lang='lat' dir='ltr'>etiam</span> <span class='ocrx_word' id='word_1_108' title='bbox 1387 837 1423 873; x_wconf 83' lang='lat' dir='ltr'>si</span> <span class='ocrx_word' id='word_1_109' title='bbox 1453 838 1660 886; x_wconf 80' lang='lat' dir='ltr'>oppeten-</span> 
     </span>
     <span class='ocr_line' id='line_1_14' title="bbox 200 889 1662 942; baseline -0.005 -10"><span class='ocrx_word' id='word_1_110' title='bbox 200 894 255 932; x_wconf 86' lang='lat' dir='ltr'>da</span> <span class='ocrx_word' id='word_1_111' title='bbox 296 906 414 932; x_wconf 80' lang='lat' dir='ltr'>mors</span> <span class='ocrx_word' id='word_1_112' title='bbox 457 898 584 941; x_wconf 73' lang='lat' dir='ltr'>esset,</span> <span class='ocrx_word' id='word_1_113' title='bbox 624 890 740 930; x_wconf 84' lang='lat' dir='ltr'>domi</span> <span class='ocrx_word' id='word_1_114' title='bbox 781 896 910 942; x_wconf 74' lang='lat' dir='ltr'>atque</span> <span class='ocrx_word' id='word_1_115' title='bbox 947 893 992 929; x_wconf 90' lang='lat' dir='ltr'>in</span> <span class='ocrx_word' id='word_1_116' title='bbox 1032 892 1177 942; x_wconf 66' lang='lat' dir='ltr'>patria</span> <span class='ocrx_word' id='word_1_117' title='bbox 1214 889 1406 939; x_wconf 78' lang='lat' dir='ltr'>mallem,</span> <span class='ocrx_word' id='word_1_118' title='bbox 1451 901 1580 940; x_wconf 85' lang='lat' dir='ltr'>quam</span> <span class='ocrx_word' id='word_1_119' title='bbox 1615 889 1662 926; x_wconf 91' lang='lat' dir='ltr'>in</span> 
     </span>
     <span class='ocr_line' id='line_1_15' title="bbox 199 940 1660 998; baseline -0.005 -10"><span class='ocrx_word' id='word_1_120' title='bbox 199 951 392 988; x_wconf 69' lang='lat' dir='ltr'>externis</span> <span class='ocrx_word' id='word_1_121' title='bbox 421 953 552 998; x_wconf 82' lang='lat' dir='ltr'>atque</span> <span class='ocrx_word' id='word_1_122' title='bbox 582 947 736 985; x_wconf 84' lang='lat' dir='ltr'>alienis</span> <span class='ocrx_word' id='word_1_123' title='bbox 766 946 888 984; x_wconf 82' lang='lat' dir='ltr'>locis.</span> <span class='ocrx_word' id='word_1_124' title='bbox 946 944 1046 984; x_wconf 83' lang='lat' dir='ltr'>Hoc</span> <span class='ocrx_word' id='word_1_125' title='bbox 1075 943 1190 983; x_wconf 88' lang='lat' dir='ltr'>idem</span> <span class='ocrx_word' id='word_1_126' title='bbox 1221 956 1384 993; x_wconf 76' lang='lat' dir='ltr'>omne5‚</span> <span class='ocrx_word' id='word_1_127' title='bbox 1416 946 1492 994; x_wconf 87' lang='lat' dir='ltr'>qui</span> <span class='ocrx_word' id='word_1_128' title='bbox 1521 949 1564 981; x_wconf 78' lang='lat' dir='ltr'>te</span> <span class='ocrx_word' id='word_1_129' title='bbox 1595 940 1660 981; x_wconf 89' lang='lat' dir='ltr'>di-</span> 
     </span>
     <span class='ocr_line' id='line_1_16' title="bbox 206 999 1662 1059; baseline -0.004 -17"><span class='ocrx_word' id='word_1_130' title='bbox 206 1004 368 1059; x_wconf 69' lang='lat' dir='ltr'>ligunt,</span> <span class='ocrx_word' id='word_1_131' title='bbox 407 1004 629 1040; x_wconf 75' lang='lat' dir='ltr'>sentiunt:</span> <span class='ocrx_word' id='word_1_132' title='bbox 683 1006 871 1052; x_wconf 82' lang='lat' dir='ltr'>quorum</span> <span class='ocrx_word' id='word_1_133' title='bbox 916 1006 980 1039; x_wconf 81' lang='lat' dir='ltr'>est</span> <span class='ocrx_word' id='word_1_134' title='bbox 1022 1012 1179 1054; x_wconf 79' lang='lat' dir='ltr'>magna</span> <span class='ocrx_word' id='word_1_135' title='bbox 1217 1012 1299 1051; x_wconf 83' lang='lat' dir='ltr'>pro</span> <span class='ocrx_word' id='word_1_136' title='bbox 1339 1000 1427 1037; x_wconf 82' lang='lat' dir='ltr'>tuis</span> <span class='ocrx_word' id='word_1_137' title='bbox 1462 999 1662 1037; x_wconf 76' lang='lat' dir='ltr'>maximis</span> 
     </span>
     <span class='ocr_line' id='line_1_17' title="bbox 159 1053 1661 1108; baseline -0.005 -11"><span class='ocrx_word' id='word_1_138' title='bbox 159 1053 186 1092; x_wconf 90' lang='lat'>5</span> <span class='ocrx_word' id='word_1_139' title='bbox 207 1059 547 1108; x_wconf 80' lang='lat' dir='ltr'>clarissimisque</span> <span class='ocrx_word' id='word_1_140' title='bbox 576 1056 816 1095; x_wconf 65' lang='lat' dir='ltr'>virtutibus</span> <span class='ocrx_word' id='word_1_141' title='bbox 853 1053 1104 1094; x_wconf 77' lang='lat' dir='ltr'>multitudo.</span> <span class='ocrx_word' id='word_1_142' title='bbox 1163 1054 1386 1093; x_wconf 72' lang='lat' dir='ltr'>Habemus</span> <span class='ocrx_word' id='word_1_143' title='bbox 1422 1056 1553 1093; x_wconf 85' lang='lat' dir='ltr'>etiam</span> <span class='ocrx_word' id='word_1_144' title='bbox 1591 1065 1661 1091; x_wconf 88' lang='lat' dir='ltr'>ra-</span> 
     </span>
     <span class='ocr_line' id='line_1_18' title="bbox 200 1106 1664 1162; baseline -0.004 -10"><span class='ocrx_word' id='word_1_145' title='bbox 200 1115 366 1152; x_wconf 73' lang='lat' dir='ltr'>tionem</span> <span class='ocrx_word' id='word_1_146' title='bbox 396 1114 463 1150; x_wconf 86' lang='lat' dir='ltr'>rei</span> <span class='ocrx_word' id='word_1_147' title='bbox 493 1111 725 1149; x_wconf 81' lang='lat' dir='ltr'>familiaris</span> <span class='ocrx_word' id='word_1_148' title='bbox 757 1117 870 1159; x_wconf 82' lang='lat' dir='ltr'>tuae,</span> <span class='ocrx_word' id='word_1_149' title='bbox 902 1123 1031 1162; x_wconf 84' lang='lat' dir='ltr'>quam</span> <span class='ocrx_word' id='word_1_150' title='bbox 1061 1109 1266 1161; x_wconf 80' lang='lat' dir='ltr'>dissipari</span> <span class='ocrx_word' id='word_1_151' title='bbox 1296 1109 1511 1148; x_wconf 87' lang='lat' dir='ltr'>nolumus.</span> <span class='ocrx_word' id='word_1_152' title='bbox 1548 1106 1664 1146; x_wconf 88' lang='lat' dir='ltr'>Nam</span> 
     </span>
     <span class='ocr_line' id='line_1_19' title="bbox 202 1165 1663 1219; baseline -0.004 -12"><span class='ocrx_word' id='word_1_153' title='bbox 202 1169 285 1207; x_wconf 80' lang='lat' dir='ltr'>etsi</span> <span class='ocrx_word' id='word_1_154' title='bbox 315 1167 482 1205; x_wconf 86' lang='lat' dir='ltr'>nullam</span> <span class='ocrx_word' id='word_1_155' title='bbox 512 1171 656 1219; x_wconf 75' lang='lat' dir='ltr'>potest</span> <span class='ocrx_word' id='word_1_156' title='bbox 684 1167 886 1218; x_wconf 82' lang='lat' dir='ltr'>accipere</span> <span class='ocrx_word' id='word_1_157' title='bbox 917 1165 1142 1211; x_wconf 83' lang='lat' dir='ltr'>iniuriam,</span> <span class='ocrx_word' id='word_1_158' title='bbox 1188 1177 1297 1216; x_wconf 84' lang='lat' dir='ltr'>quae</span> <span class='ocrx_word' id='word_1_159' title='bbox 1327 1166 1477 1203; x_wconf 80' lang='lat' dir='ltr'>futura</span> <span class='ocrx_word' id='word_1_160' title='bbox 1507 1175 1663 1216; x_wconf 85' lang='lat' dir='ltr'>perpe-</span> 
     </span>
     <span class='ocr_line' id='line_1_20' title="bbox 201 1218 1662 1273; baseline -0.004 -11"><span class='ocrx_word' id='word_1_161' title='bbox 201 1229 278 1262; x_wconf 78' lang='lat' dir='ltr'>tua</span> <span class='ocrx_word' id='word_1_162' title='bbox 307 1223 385 1260; x_wconf 81' lang='lat' dir='ltr'>sit:</span> <span class='ocrx_word' id='word_1_163' title='bbox 418 1227 670 1273; x_wconf 79' lang='lat' dir='ltr'>propterea,</span> <span class='ocrx_word' id='word_1_164' title='bbox 704 1220 819 1272; x_wconf 76' lang='lat' dir='ltr'>quod</span> <span class='ocrx_word' id='word_1_165' title='bbox 849 1234 988 1273; x_wconf 80' lang='lat' dir='ltr'>neque</span> <span class='ocrx_word' id='word_1_166' title='bbox 1019 1221 1069 1269; x_wconf 78' lang='lat' dir='ltr'>is,</span> <span class='ocrx_word' id='word_1_167' title='bbox 1112 1221 1186 1271; x_wconf 86' lang='lat' dir='ltr'>qui</span> <span class='ocrx_word' id='word_1_168' title='bbox 1225 1225 1344 1258; x_wconf 79' lang='lat' dir='ltr'>tenet</span> <span class='ocrx_word' id='word_1_169' title='bbox 1384 1232 1478 1258; x_wconf 81' lang='lat' dir='ltr'>rem</span> <span class='ocrx_word' id='word_1_170' title='bbox 1516 1218 1662 1271; x_wconf 91' lang='lat' dir='ltr'>publi-</span> 
     </span>
     <span class='ocr_line' id='line_1_21' title="bbox 203 1275 1664 1328; baseline -0.004 -11"><span class='ocrx_word' id='word_1_171' title='bbox 203 1290 314 1327; x_wconf 83' lang='grc'><strong>03111,</strong></span> <span class='ocrx_word' id='word_1_172' title='bbox 355 1277 552 1328; x_wconf 79' lang='lat' dir='ltr'>patietur</span> <span class='ocrx_word' id='word_1_173' title='bbox 593 1289 732 1327; x_wconf 76' lang='lat' dir='ltr'>neque</span> <span class='ocrx_word' id='word_1_174' title='bbox 770 1277 861 1328; x_wconf 79' lang='lat' dir='ltr'>ipsa</span> <span class='ocrx_word' id='word_1_175' title='bbox 908 1289 978 1315; x_wconf 86' lang='lat' dir='ltr'>res</span> <span class='ocrx_word' id='word_1_176' title='bbox 1015 1275 1219 1328; x_wconf 80' lang='lat' dir='ltr'>publica:</span> <span class='ocrx_word' id='word_1_177' title='bbox 1260 1281 1405 1314; x_wconf 79' lang='lat' dir='ltr'>tamen</span> <span class='ocrx_word' id='word_1_178' title='bbox 1451 1275 1664 1326; x_wconf 84' lang='lat' dir='ltr'>impetum</span> 
     </span>
     <span class='ocr_line' id='line_1_22' title="bbox 205 1328 1664 1385; baseline -0.003 -14"><span class='ocrx_word' id='word_1_179' title='bbox 205 1330 481 1385; x_wconf 86' lang='lat' dir='ltr'>praedonum</span> <span class='ocrx_word' id='word_1_180' title='bbox 519 1332 565 1368; x_wconf 89' lang='lat' dir='ltr'>in</span> <span class='ocrx_word' id='word_1_181' title='bbox 601 1337 697 1369; x_wconf 82' lang='lat' dir='ltr'>tuas</span> <span class='ocrx_word' id='word_1_182' title='bbox 741 1331 940 1370; x_wconf 75' lang='lat' dir='ltr'><strong>fortunas</strong></span> <span class='ocrx_word' id='word_1_183' title='bbox 978 1331 1077 1369; x_wconf 86' lang='lat' dir='ltr'>fieri</span> <span class='ocrx_word' id='word_1_184' title='bbox 1119 1331 1237 1369; x_wconf 87' lang='lat' dir='ltr'>nolo.</span> <span class='ocrx_word' id='word_1_185' title='bbox 1297 1329 1360 1367; x_wconf 89' lang='lat' dir='ltr'>Hi</span> <span class='ocrx_word' id='word_1_186' title='bbox 1400 1334 1547 1368; x_wconf 81' lang='lat' dir='ltr'>autem</span> <span class='ocrx_word' id='word_1_187' title='bbox 1590 1328 1664 1380; x_wconf 93' lang='lat' dir='ltr'>qui</span> 
     </span>
     <span class='ocr_line' id='line_1_23' title="bbox 205 1383 1663 1439; baseline -0.003 -13"><span class='ocrx_word' id='word_1_188' title='bbox 205 1391 363 1436; x_wconf 79' lang='lat' dir='ltr'><strong>essent,</strong></span> <span class='ocrx_word' id='word_1_189' title='bbox 399 1383 607 1425; x_wconf 82' lang='lat' dir='ltr'>auderem</span> <span class='ocrx_word' id='word_1_190' title='bbox 637 1385 850 1436; x_wconf 84' lang='lat' dir='ltr'>scribere,</span> <span class='ocrx_word' id='word_1_191' title='bbox 892 1386 978 1424; x_wconf 85' lang='lat' dir='ltr'>nisi</span> <span class='ocrx_word' id='word_1_192' title='bbox 1015 1392 1059 1425; x_wconf 84' lang='lat' dir='ltr'>te</span> <span class='ocrx_word' id='word_1_193' title='bbox 1099 1385 1352 1439; x_wconf 80' lang='lat' dir='ltr'>intelligere</span> <span class='ocrx_word' id='word_1_194' title='bbox 1387 1383 1663 1424; x_wconf 83' lang='lat' dir='ltr'>confiderem.</span> 
     </span>
     <span class='ocr_line' id='line_1_24' title="bbox 165 1438 1665 1492; baseline 0 -15"><span class='ocrx_word' id='word_1_195' title='bbox 165 1438 299 1481; x_wconf 85' lang='lat' dir='ltr'>6Hic</span> <span class='ocrx_word' id='word_1_196' title='bbox 328 1447 372 1479; x_wconf 85' lang='lat' dir='ltr'>te</span> <span class='ocrx_word' id='word_1_197' title='bbox 402 1440 533 1478; x_wconf 89' lang='lat' dir='ltr'>unius</span> <span class='ocrx_word' id='word_1_198' title='bbox 563 1439 904 1492; x_wconf 78' lang='lat' dir='ltr'>sollicitudines,</span> <span class='ocrx_word' id='word_1_199' title='bbox 942 1442 1073 1479; x_wconf 84' lang='lat' dir='ltr'>unius</span> <span class='ocrx_word' id='word_1_200' title='bbox 1111 1442 1243 1479; x_wconf 79' lang='lat' dir='ltr'>etiam</span> <span class='ocrx_word' id='word_1_201' title='bbox 1281 1439 1445 1479; x_wconf 80' lang='lat' dir='ltr'>multae</span> <span class='ocrx_word' id='word_1_202' title='bbox 1482 1445 1526 1480; x_wconf 77' lang='lat' dir='ltr'>et</span> <span class='ocrx_word' id='word_1_203' title='bbox 1559 1439 1665 1477; x_wconf 90' lang='lat' dir='ltr'>assi-</span> 
     </span>
     <span class='ocr_line' id='line_1_25' title="bbox 203 1493 1662 1548; baseline -0.002 -12"><span class='ocrx_word' id='word_1_204' title='bbox 203 1496 321 1537; x_wconf 87' lang='lat' dir='ltr'>duae</span> <span class='ocrx_word' id='word_1_205' title='bbox 364 1495 576 1534; x_wconf 83' lang='lat' dir='ltr'>lacrimae</span> <span class='ocrx_word' id='word_1_206' title='bbox 608 1494 653 1534; x_wconf 83' lang='lat' dir='ltr'>C.</span> <span class='ocrx_word' id='word_1_207' title='bbox 686 1494 909 1546; x_wconf 82' lang='lat' dir='ltr'>Marcelli,</span> <span class='ocrx_word' id='word_1_208' title='bbox 947 1496 1100 1535; x_wconf 74' lang='lat' dir='ltr'>fratris</span> <span class='ocrx_word' id='word_1_209' title='bbox 1140 1496 1312 1548; x_wconf 77' lang='lat' dir='ltr'>optimi,</span> <span class='ocrx_word' id='word_1_210' title='bbox 1353 1493 1662 1548; x_wconf 79' lang='lat' dir='ltr'>deprecantur:</span> 
     </span>
    </p>
   </div>
   <div class='ocr_carea' id='block_1_3' title="bbox 575 1563 683 1568">
    <p class='ocr_par' dir='ltr' id='par_1_3' title="bbox 575 1563 683 1568">
     <span class='ocr_line' id='line_1_26' title="bbox 575 1563 683 1568; baseline 0 0"><span class='ocrx_word' id='word_1_211' title='bbox 575 1563 683 1568; x_wconf 95' lang='lat' dir='ltr'> </span> 
     </span>
    </p>
   </div>
   <div class='ocr_carea' id='block_1_4' title="bbox 201 1566 1665 1683">
    <p class='ocr_par' dir='ltr' id='par_1_4' title="bbox 201 1566 1665 1683">
     <span class='ocr_line' id='line_1_27' title="bbox 201 1566 1665 1632; baseline 0 -11"><span class='ocrx_word' id='word_1_212' title='bbox 201 1590 231 1632; x_wconf 83' lang='lat'>§.</span> <span class='ocrx_word' id='word_1_213' title='bbox 259 1589 340 1629; x_wconf 84' lang='lat'><strong>193,</strong></span> <span class='ocrx_word' id='word_1_214' title='bbox 367 1586 400 1627; x_wconf 85' lang='lat' dir='ltr'>I,</span> <span class='ocrx_word' id='word_1_215' title='bbox 426 1588 460 1620; x_wconf 88' lang='lat'>3.</span> <span class='ocrx_word' id='word_1_216' title='bbox 488 1566 635 1621; x_wconf 63' lang='lat' dir='ltr'>Groief.</span> <span class='ocrx_word' id='word_1_217' title='bbox 663 1589 690 1631; x_wconf 84' lang='lat'>§.</span> <span class='ocrx_word' id='word_1_218' title='bbox 718 1588 798 1621; x_wconf 84' lang='grc'><strong>402.</strong></span> <span class='ocrx_word' id='word_1_219' title='bbox 826 1586 937 1620; x_wconf 86' lang='lat' dir='ltr'><strong>Anm.</strong></span> <span class='ocrx_word' id='word_1_220' title='bbox 968 1605 1006 1611; x_wconf 91' lang='lat'>—</span> <span class='ocrx_word' id='word_1_221' title='bbox 1035 1587 1132 1621; x_wconf 76' lang='lat' dir='ltr'>nihil</span> <span class='ocrx_word' id='word_1_222' title='bbox 1155 1589 1291 1620; x_wconf 76' lang='lat' dir='ltr'>attinet</span> <span class='ocrx_word' id='word_1_223' title='bbox 1316 1585 1519 1628; x_wconf 78' lang='lat' dir='ltr'>dicere,.ist</span> <span class='ocrx_word' id='word_1_224' title='bbox 1544 1588 1665 1621; x_wconf 76' lang='grc'><strong>1111116-</strong></span> 
     </span>
     <span class='ocr_line' id='line_1_28' title="bbox 203 1635 518 1683; baseline -0.006 -14"><span class='ocrx_word' id='word_1_225' title='bbox 203 1635 293 1683; x_wconf 80' lang='lat' dir='ltr'>thig</span> <span class='ocrx_word' id='word_1_226' title='bbox 318 1646 367 1667; x_wconf 88' lang='lat' dir='ltr'>zu</span> <span class='ocrx_word' id='word_1_227' title='bbox 391 1645 518 1681; x_wconf 76' lang='lat' dir='ltr'>Sagen.</span> 
     </span>
    </p>
   </div>
   <div class='ocr_carea' id='block_1_5' title="bbox 203 1681 1669 2729">
    <p class='ocr_par' dir='ltr' id='par_1_5' title="bbox 204 1681 1669 2241">
     <span class='ocr_line' id='line_1_29' title="bbox 299 1681 1668 1729; baseline 0 -13"><span class='ocrx_word' id='word_1_228' title='bbox 299 1684 333 1717; x_wconf 90' lang='lat'>4.</span> <span class='ocrx_word' id='word_1_229' title='bbox 384 1684 534 1716; x_wconf 78' lang='lat' dir='ltr'>tametsi</span> <span class='ocrx_word' id='word_1_230' title='bbox 564 1682 610 1716; x_wconf 87' lang='lat' dir='ltr'>de</span> <span class='ocrx_word' id='word_1_231' title='bbox 637 1683 789 1717; x_wconf 78' lang='lat' dir='ltr'>Ernest.</span> <span class='ocrx_word' id='word_1_232' title='bbox 824 1681 1010 1715; x_wconf 78' lang='lat' dir='ltr'>sententia</span> <span class='ocrx_word' id='word_1_233' title='bbox 1044 1682 1266 1729; x_wconf 81' lang='lat' dir='ltr'>Mart.-Lag.</span> <span class='ocrx_word' id='word_1_234' title='bbox 1294 1681 1381 1716; x_wconf 89' lang='lat' dir='ltr'>Sch.</span> <span class='ocrx_word' id='word_1_235' title='bbox 1414 1682 1510 1715; x_wconf 84' lang='lat' dir='ltr'>Liin.</span> <span class='ocrx_word' id='word_1_236' title='bbox 1547 1686 1668 1716; x_wconf 77' lang='lat' dir='ltr'><strong><em>tamen</em></strong></span> 
     </span>
     <span class='ocr_line' id='line_1_30' title="bbox 204 1728 1664 1773; baseline -0.001 -7"><span class='ocrx_word' id='word_1_237' title='bbox 204 1734 236 1766; x_wconf 82' lang='lat' dir='ltr'>si</span> <span class='ocrx_word' id='word_1_238' title='bbox 259 1730 411 1764; x_wconf 87' lang='lat' dir='ltr'>Priores</span> <span class='ocrx_word' id='word_1_239' title='bbox 439 1741 527 1763; x_wconf 86' lang='lat' dir='ltr'>cum</span> <span class='ocrx_word' id='word_1_240' title='bbox 554 1730 625 1763; x_wconf 78' lang='lat' dir='ltr'>Md.</span> <span class='ocrx_word' id='word_1_241' title='bbox 658 1731 730 1764; x_wconf 78' lang='grc' dir='ltr'><strong>ΟΒ.</strong></span> <span class='ocrx_word' id='word_1_242' title='bbox 770 1729 807 1763; x_wconf 88' lang='lat' dir='ltr'>S.</span> <span class='ocrx_word' id='word_1_243' title='bbox 835 1728 984 1762; x_wconf 88' lang='lat' dir='ltr'>Ramsh.</span> <span class='ocrx_word' id='word_1_244' title='bbox 1013 1729 1039 1772; x_wconf 83' lang='lat'>§.</span> <span class='ocrx_word' id='word_1_245' title='bbox 1069 1733 1148 1771; x_wconf 87' lang='lat'>191,</span> <span class='ocrx_word' id='word_1_246' title='bbox 1177 1733 1207 1763; x_wconf 88' lang='lat'>1.</span> <span class='ocrx_word' id='word_1_247' title='bbox 1245 1730 1390 1764; x_wconf 83' lang='lat' dir='ltr'>Grotef.</span> <span class='ocrx_word' id='word_1_248' title='bbox 1417 1731 1445 1773; x_wconf 57' lang='grc' dir='ltr'><strong>ᾗ.</strong></span> <span class='ocrx_word' id='word_1_249' title='bbox 1472 1732 1553 1764; x_wconf 83' lang='grc'><strong>408.</strong></span> <span class='ocrx_word' id='word_1_250' title='bbox 1581 1732 1664 1766; x_wconf 81' lang='grc'><strong>428.</strong></span> 
     </span>
     <span class='ocr_line' id='line_1_31' title="bbox 205 1776 1666 1820; baseline 0 -8"><span class='ocrx_word' id='word_1_251' title='bbox 205 1799 250 1804; x_wconf 92' lang='grc'>-</span> <span class='ocrx_word' id='word_1_252' title='bbox 278 1779 497 1812; x_wconf 78' lang='lat' dir='ltr'>cuicuimodi</span> <span class='ocrx_word' id='word_1_253' title='bbox 532 1776 556 1811; x_wconf 87' lang='grc'>1.</span> <span class='ocrx_word' id='word_1_254' title='bbox 586 1789 616 1811; x_wconf 90' lang='lat' dir='ltr'>e.</span> <span class='ocrx_word' id='word_1_255' title='bbox 646 1778 908 1820; x_wconf 84' lang='lat' dir='ltr'>cuiuscunque</span> <span class='ocrx_word' id='word_1_256' title='bbox 941 1777 1095 1811; x_wconf 80' lang='lat' dir='ltr'>demum</span> <span class='ocrx_word' id='word_1_257' title='bbox 1128 1777 1233 1811; x_wconf 85' lang='lat' dir='ltr'>modi</span> <span class='ocrx_word' id='word_1_258' title='bbox 1267 1790 1322 1812; x_wconf 78' lang='lat' dir='ltr'>res</span> <span class='ocrx_word' id='word_1_259' title='bbox 1357 1784 1458 1818; x_wconf 77' lang='lat' dir='ltr'>esset,</span> <span class='ocrx_word' id='word_1_260' title='bbox 1489 1778 1567 1812; x_wconf 85' lang='lat' dir='ltr'>wie</span> <span class='ocrx_word' id='word_1_261' title='bbox 1603 1777 1666 1812; x_wconf 85' lang='lat' dir='ltr'>die</span> 
     </span>
     <span class='ocr_line' id='line_1_32' title="bbox 206 1824 1665 1874; baseline 0 -14"><span class='ocrx_word' id='word_1_262' title='bbox 206 1826 357 1860; x_wconf 85' lang='lat' dir='ltr'>Sachen</span> <span class='ocrx_word' id='word_1_263' title='bbox 382 1825 480 1858; x_wconf 86' lang='lat' dir='ltr'>auch</span> <span class='ocrx_word' id='word_1_264' title='bbox 510 1824 692 1873; x_wconf 69' lang='lat' dir='ltr'>fibrigens</span> <span class='ocrx_word' id='word_1_265' title='bbox 724 1825 893 1858; x_wconf 70' lang='lat' dir='ltr'>st&#39;zinden.</span> <span class='ocrx_word' id='word_1_266' title='bbox 936 1824 982 1858; x_wconf 80' lang='lat' dir='ltr'>(le</span> <span class='ocrx_word' id='word_1_267' title='bbox 1017 1825 1186 1859; x_wconf 85' lang='lat' dir='ltr'>Gronov.</span> <span class='ocrx_word' id='word_1_268' title='bbox 1225 1826 1411 1860; x_wconf 85' lang='lat' dir='ltr'>sententia</span> <span class='ocrx_word' id='word_1_269' title='bbox 1445 1827 1665 1874; x_wconf 58' lang='lat' dir='ltr'>Mart-Lag.</span> 
     </span>
     <span class='ocr_line' id='line_1_33' title="bbox 206 1872 1668 1918; baseline 0.001 -11"><span class='ocrx_word' id='word_1_270' title='bbox 206 1874 297 1909; x_wconf 88' lang='lat' dir='ltr'>Sch.</span> <span class='ocrx_word' id='word_1_271' title='bbox 324 1874 417 1906; x_wconf 76' lang='lat' dir='ltr'>Liin.</span> <span class='ocrx_word' id='word_1_272' title='bbox 446 1875 648 1906; x_wconf 76' lang='lat' dir='ltr'>cuiusmodi</span> <span class='ocrx_word' id='word_1_273' title='bbox 674 1885 761 1906; x_wconf 85' lang='lat' dir='ltr'>cum</span> <span class='ocrx_word' id='word_1_274' title='bbox 786 1872 857 1905; x_wconf 91' lang='lat' dir='ltr'>Md.</span> <span class='ocrx_word' id='word_1_275' title='bbox 889 1873 1040 1906; x_wconf 77' lang='lat' dir='ltr'>Priores</span> <span class='ocrx_word' id='word_1_276' title='bbox 1066 1879 1219 1918; x_wconf 77' lang='lat' dir='ltr'>praeter</span> <span class='ocrx_word' id='word_1_277' title='bbox 1246 1873 1386 1915; x_wconf 66' lang='lat' dir='ltr'>hamb„</span> <span class='ocrx_word' id='word_1_278' title='bbox 1425 1874 1512 1917; x_wconf 86' lang='lat' dir='ltr'>qui:</span> <span class='ocrx_word' id='word_1_279' title='bbox 1550 1877 1668 1908; x_wconf 87' lang='lat' dir='ltr'>cuius—</span> 
     </span>
     <span class='ocr_line' id='line_1_34' title="bbox 207 1920 1666 1964; baseline 0 -9"><span class='ocrx_word' id='word_1_280' title='bbox 207 1923 422 1956; x_wconf 79' lang='lat' dir='ltr'>cuiusmodi.</span> <span class='ocrx_word' id='word_1_281' title='bbox 454 1921 528 1954; x_wconf 79' lang='grc' dir='ltr'>ΟΒ.</span> <span class='ocrx_word' id='word_1_282' title='bbox 556 1921 590 1956; x_wconf 90' lang='lat' dir='ltr'>S.</span> <span class='ocrx_word' id='word_1_283' title='bbox 612 1920 764 1955; x_wconf 82' lang='lat' dir='ltr'>Ramsh.</span> <span class='ocrx_word' id='word_1_284' title='bbox 791 1922 929 1964; x_wconf 81' lang='lat'>§.·165‚</span> <span class='ocrx_word' id='word_1_285' title='bbox 957 1922 987 1962; x_wconf 88' lang='grc' dir='ltr'>Ι,</span> <span class='ocrx_word' id='word_1_286' title='bbox 1015 1924 1047 1962; x_wconf 88' lang='grc'>1,</span> <span class='ocrx_word' id='word_1_287' title='bbox 1076 1922 1162 1955; x_wconf 81' lang='lat' dir='ltr'>Not.</span> <span class='ocrx_word' id='word_1_288' title='bbox 1197 1921 1341 1955; x_wconf 85' lang='lat' dir='ltr'>Grotef.</span> <span class='ocrx_word' id='word_1_289' title='bbox 1369 1921 1397 1964; x_wconf 84' lang='lat'>§.</span> <span class='ocrx_word' id='word_1_290' title='bbox 1422 1924 1504 1957; x_wconf 86' lang='lat'><strong>430.</strong></span> <span class='ocrx_word' id='word_1_291' title='bbox 1530 1923 1666 1963; x_wconf 87' lang='lat' dir='ltr'><strong>Anm.;</strong></span> 
     </span>
     <span class='ocr_line' id='line_1_35' title="bbox 206 1968 1666 2017; baseline 0.001 -14"><span class='ocrx_word' id='word_1_292' title='bbox 206 1970 301 2003; x_wconf 81' lang='lat' dir='ltr'>iiber</span> <span class='ocrx_word' id='word_1_293' title='bbox 327 1969 546 2002; x_wconf 78' lang='lat' dir='ltr'>cuicuimodi</span> <span class='ocrx_word' id='word_1_294' title='bbox 569 1968 769 2013; x_wconf 81' lang='lat' dir='ltr'>Wyttenb.</span> <span class='ocrx_word' id='word_1_295' title='bbox 806 1981 854 2001; x_wconf 88' lang='lat' dir='ltr'>zu</span> <span class='ocrx_word' id='word_1_296' title='bbox 886 1968 931 2001; x_wconf 86' lang='lat' dir='ltr'>de</span> <span class='ocrx_word' id='word_1_297' title='bbox 958 1969 1076 2017; x_wconf 78' lang='lat' dir='ltr'>Legg.</span> <span class='ocrx_word' id='word_1_298' title='bbox 1104 1970 1153 2005; x_wconf 83' lang='grc' dir='ltr'><strong>ΙΙ.</strong></span> <span class='ocrx_word' id='word_1_299' title='bbox 1180 1971 1213 2004; x_wconf 87' lang='grc'>5.</span> <span class='ocrx_word' id='word_1_300' title='bbox 1249 1970 1403 2003; x_wconf 80' lang='lat' dir='ltr'>Tuscul.</span> <span class='ocrx_word' id='word_1_301' title='bbox 1429 1970 1499 2009; x_wconf 87' lang='grc' dir='ltr'><strong>ΙΙΙ,</strong></span> <span class='ocrx_word' id='word_1_302' title='bbox 1523 1973 1583 2012; x_wconf 87' lang='grc'>34,</span> <span class='ocrx_word' id='word_1_303' title='bbox 1608 1972 1666 2005; x_wconf 86' lang='grc'>83.</span> 
     </span>
     <span class='ocr_line' id='line_1_36' title="bbox 206 2015 1669 2060; baseline 0 -9"><span class='ocrx_word' id='word_1_304' title='bbox 206 2018 257 2059; x_wconf 83' lang='lat' dir='ltr'>V,</span> <span class='ocrx_word' id='word_1_305' title='bbox 294 2020 352 2059; x_wconf 87' lang='lat'>41,</span> <span class='ocrx_word' id='word_1_306' title='bbox 386 2019 466 2052; x_wconf 85' lang='lat'>121.</span> <span class='ocrx_word' id='word_1_307' title='bbox 502 2016 650 2050; x_wconf 86' lang='lat' dir='ltr'>Ramsh.</span> <span class='ocrx_word' id='word_1_308' title='bbox 677 2018 703 2060; x_wconf 56' lang='grc' dir='ltr'>ἓ.</span> <span class='ocrx_word' id='word_1_309' title='bbox 731 2019 790 2059; x_wconf 87' lang='grc'>46,</span> <span class='ocrx_word' id='word_1_310' title='bbox 817 2019 849 2052; x_wconf 85' lang='grc'>8.</span> <span class='ocrx_word' id='word_1_311' title='bbox 881 2015 1034 2050; x_wconf 87' lang='lat' dir='ltr'>Schulz.</span> <span class='ocrx_word' id='word_1_312' title='bbox 1066 2018 1095 2060; x_wconf 61' lang='grc' dir='ltr'><strong>ξ.</strong></span> <span class='ocrx_word' id='word_1_313' title='bbox 1131 2020 1189 2052; x_wconf 81' lang='grc'>47.</span> <span class='ocrx_word' id='word_1_314' title='bbox 1227 2019 1299 2058; x_wconf 84' lang='lat'>27,-</span> <span class='ocrx_word' id='word_1_315' title='bbox 1338 2017 1431 2051; x_wconf 62' lang='lat' dir='ltr'>&#39;tiber</span> <span class='ocrx_word' id='word_1_316' title='bbox 1465 2024 1669 2052; x_wconf 81' lang='lat' dir='ltr'>un...aut</span> 
     </span>
     <span class='ocr_line' id='line_1_37' title="bbox 206 2064 1666 2112; baseline 0.002 -15"><span class='ocrx_word' id='word_1_317' title='bbox 206 2064 360 2098; x_wconf 80' lang='lat' dir='ltr'>Ramsh.</span> <span class='ocrx_word' id='word_1_318' title='bbox 388 2066 416 2108; x_wconf 60' lang='grc' dir='ltr'><strong>ξ.</strong></span> <span class='ocrx_word' id='word_1_319' title='bbox 444 2066 525 2104; x_wconf 82' lang='grc'><strong>174,</strong></span> <span class='ocrx_word' id='word_1_320' title='bbox 550 2067 586 2104; x_wconf 89' lang='grc'><strong>3,</strong></span> <span class='ocrx_word' id='word_1_321' title='bbox 611 2065 647 2103; x_wconf 84' lang='lat' dir='ltr'>d,</span> <span class='ocrx_word' id='word_1_322' title='bbox 674 2067 761 2099; x_wconf 83' lang='lat' dir='ltr'>Not.</span> <span class='ocrx_word' id='word_1_323' title='bbox 788 2067 821 2099; x_wconf 87' lang='lat'>4.</span> <span class='ocrx_word' id='word_1_324' title='bbox 842 2068 1030 2105; x_wconf 79' lang='lat' dir='ltr'>—mavis‚</span> <span class='ocrx_word' id='word_1_325' title='bbox 1059 2066 1277 2112; x_wconf 79' lang='lat' dir='ltr'>Mart.-Lag.</span> <span class='ocrx_word' id='word_1_326' title='bbox 1308 2064 1395 2099; x_wconf 86' lang='lat' dir='ltr'>Sch.</span> <span class='ocrx_word' id='word_1_327' title='bbox 1424 2065 1517 2099; x_wconf 79' lang='lat' dir='ltr'>Liin.</span> <span class='ocrx_word' id='word_1_328' title='bbox 1545 2069 1666 2100; x_wconf 79' lang='lat' dir='ltr'>malis.</span> 
     </span>
     <span class='ocr_line' id='line_1_38' title="bbox 208 2112 1668 2162; baseline 0.001 -17"><span class='ocrx_word' id='word_1_329' title='bbox 208 2131 253 2136; x_wconf 89' lang='lat'>-—-</span> <span class='ocrx_word' id='word_1_330' title='bbox 278 2115 311 2145; x_wconf 85' lang='lat' dir='ltr'>si</span> <span class='ocrx_word' id='word_1_331' title='bbox 336 2118 454 2158; x_wconf 76' lang='lat' dir='ltr'>oppet.</span> <span class='ocrx_word' id='word_1_332' title='bbox 482 2125 579 2147; x_wconf 84' lang='lat' dir='ltr'>mors</span> <span class='ocrx_word' id='word_1_333' title='bbox 605 2119 706 2155; x_wconf 79' lang='lat' dir='ltr'>esset,</span> <span class='ocrx_word' id='word_1_334' title='bbox 740 2124 855 2147; x_wconf 88' lang='lat' dir='ltr'>wenn</span> <span class='ocrx_word' id='word_1_335' title='bbox 890 2112 953 2146; x_wconf 83' lang='lat' dir='ltr'>ich</span> <span class='ocrx_word' id='word_1_336' title='bbox 986 2113 1071 2146; x_wconf 84' lang='lat' dir='ltr'>dem</span> <span class='ocrx_word' id='word_1_337' title='bbox 1096 2113 1201 2147; x_wconf 74' lang='lat' dir='ltr'>Tode</span> <span class='ocrx_word' id='word_1_338' title='bbox 1235 2113 1564 2162; x_wconf 77' lang='lat' dir='ltr'>entgegengehen,</span> <span class='ocrx_word' id='word_1_339' title='bbox 1597 2115 1668 2147; x_wconf 88' lang='lat' dir='ltr'>ihn</span> 
     </span>
     <span class='ocr_line' id='line_1_39' title="bbox 210 2159 1667 2240; baseline 0.003 -47"><span class='ocrx_word' id='word_1_340' title='bbox 210 2159 391 2240; x_wconf 72' lang='lat' dir='ltr'>bestehden</span> <span class='ocrx_word' id='word_1_341' title='bbox 427 2162 578 2194; x_wconf 79' lang='lat' dir='ltr'>miisste.</span> <span class='ocrx_word' id='word_1_342' title='bbox 615 2179 661 2186; x_wconf 85' lang='lat'>·—</span> <span class='ocrx_word' id='word_1_343' title='bbox 695 2166 803 2208; x_wconf 77' lang='lat' dir='ltr'>atque</span> <span class='ocrx_word' id='word_1_344' title='bbox 828 2164 867 2195; x_wconf 81' lang='lat' dir='ltr'>in</span> <span class='ocrx_word' id='word_1_345' title='bbox 893 2163 1025 2195; x_wconf 79' lang='lat' dir='ltr'>alienis</span> <span class='ocrx_word' id='word_1_346' title='bbox 1062 2162 1282 2209; x_wconf 52' lang='lat' dir='ltr'>Mart-Lag.</span> <span class='ocrx_word' id='word_1_347' title='bbox 1316 2160 1405 2196; x_wconf 84' lang='lat' dir='ltr'>Sch.</span> <span class='ocrx_word' id='word_1_348' title='bbox 1444 2163 1538 2197; x_wconf 73' lang='lat' dir='ltr'>Liin.</span> <span class='ocrx_word' id='word_1_349' title='bbox 1579 2173 1667 2197; x_wconf 86' lang='lat' dir='ltr'>con-</span> 
     </span>
     <span class='ocr_line' id='line_1_40' title="bbox 211 2209 368 2241; baseline 0.006 -1"><span class='ocrx_word' id='word_1_350' title='bbox 211 2213 268 2241; x_wconf 77' lang='lat' dir='ltr'>tra</span> <span class='ocrx_word' id='word_1_351' title='bbox 292 2209 327 2241; x_wconf 84' lang='lat' dir='ltr'>M</span> <span class='ocrx_word' id='word_1_352' title='bbox 360 2232 368 2241; x_wconf 86' lang='lat'>.</span> 
     </span>
    </p>

    <p class='ocr_par' dir='ltr' id='par_1_6' title="bbox 203 2256 1668 2729">
     <span class='ocr_line' id='line_1_41' title="bbox 302 2256 1668 2297; baseline 0.002 -7"><span class='ocrx_word' id='word_1_353' title='bbox 302 2256 336 2290; x_wconf 90' lang='grc'>5.</span> <span class='ocrx_word' id='word_1_354' title='bbox 390 2256 482 2290; x_wconf 73' lang='lat' dir='ltr'><em>Hah.</em></span> <span class='ocrx_word' id='word_1_355' title='bbox 509 2262 580 2290; x_wconf 74' lang='lat' dir='ltr'>rut.</span> <span class='ocrx_word' id='word_1_356' title='bbox 618 2262 704 2297; x_wconf 57' lang='lat' dir='ltr'>cet„</span> <span class='ocrx_word' id='word_1_357' title='bbox 738 2257 929 2292; x_wconf 73' lang='lat' dir='ltr'>iiberdiess</span> <span class='ocrx_word' id='word_1_358' title='bbox 963 2256 1100 2291; x_wconf 84' lang='lat' dir='ltr'>ziehen</span> <span class='ocrx_word' id='word_1_359' title='bbox 1124 2257 1216 2292; x_wconf 83' lang='lat' dir='ltr'>Wir</span> <span class='ocrx_word' id='word_1_360' title='bbox 1249 2257 1346 2290; x_wconf 87' lang='lat' dir='ltr'>auch</span> <span class='ocrx_word' id='word_1_361' title='bbox 1380 2257 1480 2292; x_wconf 88' lang='lat' dir='ltr'>Dein</span> <span class='ocrx_word' id='word_1_362' title='bbox 1505 2258 1668 2293; x_wconf 79' lang='lat' dir='ltr'>Verm&#39;d-</span> 
     </span>
     <span class='ocr_line' id='line_1_42' title="bbox 208 2303 1666 2349; baseline 0.003 -12"><span class='ocrx_word' id='word_1_363' title='bbox 208 2313 283 2349; x_wconf 74' lang='lat' dir='ltr'>gen</span> <span class='ocrx_word' id='word_1_364' title='bbox 303 2303 351 2335; x_wconf 84' lang='lat' dir='ltr'>in</span> <span class='ocrx_word' id='word_1_365' title='bbox 377 2303 572 2338; x_wconf 77' lang='lat' dir='ltr'>Betracht.</span> <span class='ocrx_word' id='word_1_366' title='bbox 598 2323 643 2329; x_wconf 75' lang='lat'>—</span> <span class='ocrx_word' id='word_1_367' title='bbox 665 2308 806 2338; x_wconf 74' lang='lat' dir='ltr'>nullam</span> <span class='ocrx_word' id='word_1_368' title='bbox 831 2311 950 2349; x_wconf 79' lang='lat' dir='ltr'>potest</span> <span class='ocrx_word' id='word_1_369' title='bbox 975 2306 1057 2339; x_wconf 85' lang='lat' dir='ltr'>scil.</span> <span class='ocrx_word' id='word_1_370' title='bbox 1084 2317 1142 2339; x_wconf 81' lang='lat' dir='ltr'>res</span> <span class='ocrx_word' id='word_1_371' title='bbox 1169 2311 1231 2338; x_wconf 77' lang='lat' dir='ltr'>tua</span> <span class='ocrx_word' id='word_1_372' title='bbox 1258 2306 1476 2339; x_wconf 81' lang='lat' dir='ltr'>familiaris.</span> <span class='ocrx_word' id='word_1_373' title='bbox 1503 2305 1565 2340; x_wconf 84' lang='lat' dir='ltr'>Sic</span> <span class='ocrx_word' id='word_1_374' title='bbox 1592 2307 1666 2341; x_wconf 83' lang='lat' dir='ltr'>Md.</span> 
     </span>
     <span class='ocr_line' id='line_1_43' title="bbox 207 2350 1667 2398; baseline 0.003 -15"><span class='ocrx_word' id='word_1_375' title='bbox 207 2350 307 2384; x_wconf 73' lang='lat' dir='ltr'>Vici·⁴</span> <span class='ocrx_word' id='word_1_376' title='bbox 332 2352 366 2385; x_wconf 87' lang='lat'>2.</span> <span class='ocrx_word' id='word_1_377' title='bbox 394 2351 522 2384; x_wconf 87' lang='lat' dir='ltr'>Lamb.</span> <span class='ocrx_word' id='word_1_378' title='bbox 552 2353 690 2386; x_wconf 75' lang='lat' dir='ltr'>Graev.</span> <span class='ocrx_word' id='word_1_379' title='bbox 717 2354 810 2388; x_wconf 81' lang='lat' dir='ltr'>Ern.</span> <span class='ocrx_word' id='word_1_380' title='bbox 838 2353 976 2387; x_wconf 87' lang='lat' dir='ltr'>Bened.</span> <span class='ocrx_word' id='word_1_381' title='bbox 1005 2353 1093 2387; x_wconf 88' lang='lat' dir='ltr'>Sch.</span> <span class='ocrx_word' id='word_1_382' title='bbox 1117 2354 1209 2386; x_wconf 65' lang='lat' dir='ltr'>Liin.</span> <span class='ocrx_word' id='word_1_383' title='bbox 1235 2360 1338 2398; x_wconf 80' lang='lat' dir='ltr'>potes</span> <span class='ocrx_word' id='word_1_384' title='bbox 1363 2354 1463 2387; x_wconf 87' lang='lat' dir='ltr'>Vict.</span> <span class='ocrx_word' id='word_1_385' title='bbox 1481 2357 1513 2388; x_wconf 92' lang='lat'>1.</span> <span class='ocrx_word' id='word_1_386' title='bbox 1541 2356 1667 2388; x_wconf 83' lang='lat' dir='ltr'>Mart.-</span> 
     </span>
     <span class='ocr_line' id='line_1_44' title="bbox 209 2399 1662 2447; baseline 0.003 -16"><span class='ocrx_word' id='word_1_387' title='bbox 209 2399 299 2445; x_wconf 77' lang='lat' dir='ltr'>Lag.</span> <span class='ocrx_word' id='word_1_388' title='bbox 330 2399 404 2432; x_wconf 84' lang='grc' dir='ltr'>ΟΒ.</span> <span class='ocrx_word' id='word_1_389' title='bbox 431 2418 478 2424; x_wconf 92' lang='lat'><em>—</em></span> <span class='ocrx_word' id='word_1_390' title='bbox 497 2402 542 2441; x_wconf 76' lang='lat' dir='ltr'>is,</span> <span class='ocrx_word' id='word_1_391' title='bbox 569 2400 714 2436; x_wconf 83' lang='lat' dir='ltr'>Caesar.</span> <span class='ocrx_word' id='word_1_392' title='bbox 740 2420 787 2426; x_wconf 84' lang='lat'>—</span> <span class='ocrx_word' id='word_1_393' title='bbox 809 2405 990 2446; x_wconf 69' lang='lat' dir='ltr'>patietur.</span> <span class='ocrx_word' id='word_1_394' title='bbox 1018 2401 1079 2435; x_wconf 87' lang='lat' dir='ltr'>Sic</span> <span class='ocrx_word' id='word_1_395' title='bbox 1104 2401 1178 2435; x_wconf 87' lang='lat' dir='ltr'>Md.</span> <span class='ocrx_word' id='word_1_396' title='bbox 1206 2403 1304 2436; x_wconf 76' lang='lat' dir='ltr'>Vict.</span> <span class='ocrx_word' id='word_1_397' title='bbox 1328 2406 1359 2437; x_wconf 87' lang='lat'>1.</span> <span class='ocrx_word' id='word_1_398' title='bbox 1388 2402 1524 2436; x_wconf 82' lang='lat' dir='ltr'>Graev.</span> <span class='ocrx_word' id='word_1_399' title='bbox 1551 2402 1662 2447; x_wconf 86' lang='lat' dir='ltr'>Seqq.</span> 
     </span>
     <span class='ocr_line' id='line_1_45' title="bbox 203 2447 1665 2494; baseline 0.003 -16"><span class='ocrx_word' id='word_1_400' title='bbox 203 2451 395 2491; x_wconf 76' lang='lat' dir='ltr'>pateretur</span> <span class='ocrx_word' id='word_1_401' title='bbox 421 2447 524 2482; x_wconf 85' lang='lat' dir='ltr'>Vict.</span> <span class='ocrx_word' id='word_1_402' title='bbox 553 2449 586 2482; x_wconf 87' lang='lat'>2.</span> <span class='ocrx_word' id='word_1_403' title='bbox 615 2449 743 2483; x_wconf 74' lang='lat' dir='ltr'>hamb.</span> <span class='ocrx_word' id='word_1_404' title='bbox 775 2451 849 2486; x_wconf 87' lang='lat' dir='ltr'>OR.</span> <span class='ocrx_word' id='word_1_405' title='bbox 877 2469 923 2474; x_wconf 92' lang='grc'><strong>-</strong></span> <span class='ocrx_word' id='word_1_406' title='bbox 951 2451 1125 2494; x_wconf 78' lang='lat' dir='ltr'>impetum</span> <span class='ocrx_word' id='word_1_407' title='bbox 1146 2452 1384 2494; x_wconf 73' lang='lat' dir='ltr'>praedonum.</span> <span class='ocrx_word' id='word_1_408' title='bbox 1424 2449 1665 2484; x_wconf 77' lang='lat' dir='ltr'>Caesarianos</span> 
     </span>
     <span class='ocr_line' id='line_1_46' title="bbox 208 2494 1663 2543; baseline 0.003 -17"><span class='ocrx_word' id='word_1_409' title='bbox 208 2494 390 2537; x_wconf 81' lang='lat' dir='ltr'>quosdam</span> <span class='ocrx_word' id='word_1_410' title='bbox 417 2494 604 2542; x_wconf 79' lang='lat' dir='ltr'>designat,</span> <span class='ocrx_word' id='word_1_411' title='bbox 632 2496 824 2531; x_wconf 80' lang='lat' dir='ltr'>obaeratos</span> <span class='ocrx_word' id='word_1_412' title='bbox 850 2499 1007 2531; x_wconf 84' lang='lat' dir='ltr'>fortasse</span> <span class='ocrx_word' id='word_1_413' title='bbox 1034 2503 1072 2531; x_wconf 84' lang='lat' dir='ltr'>et</span> <span class='ocrx_word' id='word_1_414' title='bbox 1097 2498 1136 2530; x_wconf 90' lang='lat' dir='ltr'>in</span> <span class='ocrx_word' id='word_1_415' title='bbox 1163 2509 1308 2540; x_wconf 84' lang='lat' dir='ltr'>eorum,</span> <span class='ocrx_word' id='word_1_416' title='bbox 1346 2497 1413 2543; x_wconf 88' lang='lat' dir='ltr'>qui</span> <span class='ocrx_word' id='word_1_417' title='bbox 1446 2510 1464 2531; x_wconf 87' lang='lat' dir='ltr'>a</span> <span class='ocrx_word' id='word_1_418' title='bbox 1493 2499 1663 2543; x_wconf 86' lang='lat' dir='ltr'>Pompeii</span> 
     </span>
     <span class='ocr_line' id='line_1_47' title="bbox 206 2542 1664 2591; baseline 0.005 -18"><span class='ocrx_word' id='word_1_419' title='bbox 206 2542 378 2585; x_wconf 83' lang='lat' dir='ltr'>partibus</span> <span class='ocrx_word' id='word_1_420' title='bbox 405 2547 601 2585; x_wconf 71' lang='lat' dir='ltr'>steterant,</span> <span class='ocrx_word' id='word_1_421' title='bbox 629 2544 726 2578; x_wconf 81' lang='lat' dir='ltr'>bona</span> <span class='ocrx_word' id='word_1_422' title='bbox 753 2546 937 2580; x_wconf 85' lang='lat' dir='ltr'>invadere</span> <span class='ocrx_word' id='word_1_423' title='bbox 962 2545 1140 2591; x_wconf 83' lang='lat' dir='ltr'>cupidos;</span> <span class='ocrx_word' id='word_1_424' title='bbox 1169 2547 1236 2589; x_wconf 86' lang='lat' dir='ltr'>qui</span> <span class='ocrx_word' id='word_1_425' title='bbox 1263 2559 1310 2580; x_wconf 88' lang='lat' dir='ltr'>ne</span> <span class='ocrx_word' id='word_1_426' title='bbox 1335 2548 1435 2580; x_wconf 86' lang='lat' dir='ltr'>forte</span> <span class='ocrx_word' id='word_1_427' title='bbox 1462 2546 1664 2590; x_wconf 88' lang='lat' dir='ltr'>impuden-</span> 
     </span>
     <span class='ocr_line' id='line_1_48' title="bbox 208 2589 1665 2638; baseline 0.004 -18"><span class='ocrx_word' id='word_1_428' title='bbox 208 2589 261 2621; x_wconf 73' lang='grc'>113</span> <span class='ocrx_word' id='word_1_429' title='bbox 288 2589 487 2637; x_wconf 78' lang='lat' dir='ltr'>flagitandi</span> <span class='ocrx_word' id='word_1_430' title='bbox 512 2602 531 2623; x_wconf 89' lang='lat' dir='ltr'>a</span> <span class='ocrx_word' id='word_1_431' title='bbox 558 2591 716 2626; x_wconf 76' lang='lat' dir='ltr'>Caesare</span> <span class='ocrx_word' id='word_1_432' title='bbox 742 2593 1010 2638; x_wconf 83' lang='lat' dir='ltr'>impetrarent,</span> <span class='ocrx_word' id='word_1_433' title='bbox 1045 2599 1088 2626; x_wconf 78' lang='lat' dir='ltr'>ut</span> <span class='ocrx_word' id='word_1_434' title='bbox 1124 2594 1195 2627; x_wconf 84' lang='lat' dir='ltr'>sibi</span> <span class='ocrx_word' id='word_1_435' title='bbox 1231 2593 1407 2628; x_wconf 81' lang='lat' dir='ltr'>Marcelli</span> <span class='ocrx_word' id='word_1_436' title='bbox 1442 2594 1538 2628; x_wconf 88' lang='lat' dir='ltr'>bona</span> <span class='ocrx_word' id='word_1_437' title='bbox 1564 2594 1665 2627; x_wconf 84' lang='lat' dir='ltr'>divi-</span> 
     </span>
     <span class='ocr_line' id='line_1_49' title="bbox 208 2637 1664 2686; baseline 0.005 -18"><span class='ocrx_word' id='word_1_438' title='bbox 208 2637 405 2680; x_wconf 85' lang='lat' dir='ltr'>derentur,</span> <span class='ocrx_word' id='word_1_439' title='bbox 432 2639 643 2672; x_wconf 81' lang='lat' dir='ltr'>verendum</span> <span class='ocrx_word' id='word_1_440' title='bbox 674 2647 765 2675; x_wconf 60' lang='lat' dir='ltr'>erat,</span> <span class='ocrx_word' id='word_1_441' title='bbox 794 2643 895 2675; x_wconf 83' lang='lat' dir='ltr'><strong><em>SCH.</em></strong></span> <span class='ocrx_word' id='word_1_442' title='bbox 924 2661 971 2667; x_wconf 95' lang='lat'><strong>—</strong></span> <span class='ocrx_word' id='word_1_443' title='bbox 1007 2643 1058 2676; x_wconf 88' lang='lat' dir='ltr'>Hi</span> <span class='ocrx_word' id='word_1_444' title='bbox 1084 2641 1136 2684; x_wconf 91' lang='lat' dir='ltr'>(Ii</span> <span class='ocrx_word' id='word_1_445' title='bbox 1162 2641 1282 2686; x_wconf 83' lang='lat' dir='ltr'>Crat.)</span> <span class='ocrx_word' id='word_1_446' title='bbox 1310 2648 1442 2676; x_wconf 77' lang='lat' dir='ltr'>autem.</span> <span class='ocrx_word' id='word_1_447' title='bbox 1470 2660 1512 2668; x_wconf 90' lang='lat'>—</span> <span class='ocrx_word' id='word_1_448' title='bbox 1548 2647 1582 2676; x_wconf 78' lang='lat' dir='ltr'>te</span> <span class='ocrx_word' id='word_1_449' title='bbox 1604 2644 1664 2676; x_wconf 62' lang='lat' dir='ltr'>&#39;in-</span> 
     </span>
     <span class='ocr_line' id='line_1_50' title="bbox 207 2685 982 2729; baseline 0.009 -12"><span class='ocrx_word' id='word_1_450' title='bbox 207 2686 382 2729; x_wconf 71' lang='lat' dir='ltr'>tellig-ere,</span> <span class='ocrx_word' id='word_1_451' title='bbox 409 2685 490 2719; x_wconf 82' lang='lat' dir='ltr'>dass</span> <span class='ocrx_word' id='word_1_452' title='bbox 515 2687 576 2720; x_wconf 89' lang='lat' dir='ltr'>Du</span> <span class='ocrx_word' id='word_1_453' title='bbox 601 2688 982 2724; x_wconf 61' lang='lat' dir='ltr'>mich‘vefistkindest.</span> 
     </span>
    </p>
   </div>
   <div class='ocr_carea' id='block_1_6' title="bbox 298 2733 1666 2783">
    <p class='ocr_par' dir='ltr' id='par_1_7' title="bbox 298 2733 1666 2783">
     <span class='ocr_line' id='line_1_51' title="bbox 298 2733 1666 2783; baseline 0.011 -18"><span class='ocrx_word' id='word_1_454' title='bbox 298 2735 333 2768; x_wconf 87' lang='grc'>6.</span> <span class='ocrx_word' id='word_1_455' title='bbox 385 2733 456 2768; x_wconf 87' lang='lat' dir='ltr'>Hic</span> <span class='ocrx_word' id='word_1_456' title='bbox 480 2734 504 2768; x_wconf 82' lang='lat' dir='ltr'>i.</span> <span class='ocrx_word' id='word_1_457' title='bbox 533 2746 563 2768; x_wconf 89' lang='lat' dir='ltr'>e.</span> <span class='ocrx_word' id='word_1_458' title='bbox 604 2735 743 2770; x_wconf 80' lang='lat' dir='ltr'>Romae</span> <span class='ocrx_word' id='word_1_459' title='bbox 770 2742 816 2779; x_wconf 78' lang='lat' dir='ltr'>te,</span> <span class='ocrx_word' id='word_1_460' title='bbox 856 2738 986 2773; x_wconf 84' lang='lat' dir='ltr'>Lamb.</span> <span class='ocrx_word' id='word_1_461' title='bbox 1011 2751 1094 2783; x_wconf 81' lang='lat' dir='ltr'>pro</span> <span class='ocrx_word' id='word_1_462' title='bbox 1119 2744 1163 2774; x_wconf 84' lang='lat' dir='ltr'>te.</span> <span class='ocrx_word' id='word_1_463' title='bbox 1199 2756 1245 2765; x_wconf 64' lang='grc' dir='ltr'>ν-</span> <span class='ocrx_word' id='word_1_464' title='bbox 1278 2739 1362 2773; x_wconf 74' lang='lat' dir='ltr'>caii</span> <span class='ocrx_word' id='word_1_465' title='bbox 1387 2738 1565 2780; x_wconf 78' lang='lat' dir='ltr'>Marcelli,</span> <span class='ocrx_word' id='word_1_466' title='bbox 1600 2738 1666 2782; x_wconf 65' lang='grc' dir='ltr'>(1ιιὶ</span> 
     </span>
    </p>
   </div>
  </div>
 </body>
</html>
