1795 3081
505 45 825 100 EPISTOLA
860 44 1123 98 DXXXIX.
1453 49 1551 99 257

86 179 236 218 forum
263 184 413 223 vocas,
442 182 496 211 eo
523 183 673 221 vocas,
701 165 818 208 unde
845 168 980 208 etiam
1016 168 1144 208 bonis
1179 167 1289 209 meis
1318 168 1450 210 rebus
1481 172 1552 210 fu-

86 233 274 289 giebam.
333 226 451 281 Quid
486 221 603 280 enim
632 225 743 264 mihi
773 222 905 274 [cum]
935 226 1052 274 foro,
1093 226 1187 264 sine
1216 223 1410 276 iudiciis,
1454 227 1550 267 sine

87 289 229 337 curia,
260 287 307 324 in
336 284 488 322 oculos
518 281 848 320 incurrentibus
876 280 946 326 iis,
981 291 1089 332 quos
1119 292 1260 332 aequo
1301 281 1449 320 animo
1479 282 1548 322 vi-

86 342 192 382 dere
222 354 311 379 non
339 340 543 392 possum?
583 335 711 388 Quod
754 341 901 374 autem
935 333 1135 374 homines
1170 348 1196 373 a
1223 348 1293 375 me
1322 337 1550 389 postulare

84 398 261 447 scribis,
291 401 341 434 ut
369 394 535 433 Romae
567 393 664 442 sim,
695 403 835 442 neque
865 389 992 440 mihi,
1023 396 1073 429 ut
1101 389 1255 441 absim,
1286 391 1548 443 concedere,

84 460 163 492 aut
198 451 228 504 ἦ·
267 455 480 503 quatenus
516 459 589 487 eos
625 446 751 493 mihi,
784 444 1052 485 concedere:
1094 446 1185 484 iam
1221 446 1394 498 pridem
1434 449 1548 487 scito

85 521 193 558 esse,
238 519 373 559 quum
420 515 556 542 unum
597 507 641 542 te
683 501 825 555 pluris
866 513 996 553 quam
1037 511 1186 540 omnes
1227 502 1333 540 illos
1383 509 1548 556 putem.

85 565 156 604 Ne
198 575 267 602 me
304 558 480 613 quidem
515 563 773 597 contemno:
818 568 1003 608 meoque
1038 555 1207 595 iudicio
1243 557 1384 596 multo
1428 565 1548 598 stare

84 618 203 657 malo
233 628 363 669 quam
401 614 599 654 omnium
635 613 936 665 reliquorum„
983 609 1139 664 Neque
1178 617 1325 651 tamen
1361 625 1548 669 progre-

85 673 187 712 dior
226 667 417 726 longius,
461 681 591 722 quam
620 664 730 706 mihi
759 665 1004 706 doctissimi
1032 665 1232 706 homines
1274 667 1548 708 concedunt:

85 740 274 780 quorum
302 727 470 778 scripta
500 724 661 774 omnia,
702 732 987 775 quaecunque
1027 728 1129 762 sunt
1165 723 1213 760 in
1250 734 1346 762 eam
1376 730 1549 764 senten-

85 785 211 834 tiam,
240 795 329 820 non
358 778 448 836 legi
478 779 635 830 solum,
667 776 784 830 quod
806 779 950 830 ipsum
970 783 1067 816 erat
1095 778 1225 816 fortis
1256 780 1445 833 aegroti,
1476 791 1549 817 ac-

87 840 236 891 cipere
278 835 556 885 medicinam,
610 832 686 873 sed
723 833 770 871 in
809 845 906 871 mea
944 833 1078 871 etiam
1115 834 1283 886 scripta
1323 835 1551 884 transtuli,

86 892 204 946 quod
234 898 354 931 certe
383 891 540 929 afflicti
570 895 613 928 et
642 888 776 927 fracti
805 887 941 927 animi
970 899 1058 925 non
1095 888 1194 928 fuit.
1264 887 1330 927 Ab
1370 887 1439 930 his
1481 902 1551 930 me

86 946 293 989 remediis
320 946 416 986 noli
445 947 492 985 in
521 947 650 985 istam
679 943 856 986 turbam
884 955 1064 994 vocare,
1092 955 1147 984 ne
1175 942 1385 984 recidam.

235 1105 557 1158 EPISTOLA
590 1103 864 1157 DXXXIX.
920 1102 1004 1164 (aa
1038 1101 1144 1155 Atti
1179 1104 1289 1155 XII.
1324 1106 1393 1168 7.)

85 1198 168 1234 Ser.
195 1197 355 1233 Asturae
381 1198 423 1233 A.
451 1198 498 1235 U.
525 1197 565 1234 C.
593 1196 751 1278 709.t(a.
768 1195 911 1277 Οὶξιὸεῒ).
926 1205 1057 1229 mense
1083 1193 1247 1239 incerto,
1272 1195 1351 1240 sed,
1377 1202 1421 1232 ut
1446 1197 1553 1234 vide.-

702 1256 762 1283 ur,
821 1255 881 1277 'ar
902 1254 949 1278 ιο.

222 1318 321 1363 Quid
346 1328 435 1353 cum
462 1313 647 1353 Cicerone
672 1310 755 1351 filio
783 1326 913 1350 coram
938 1315 1074 1364 egerit,
1101 1310 1273 1361 exponit.
1301 1318 1406 1353 1—2.

584 1388 763 1423 CICERO
797 1388 975 1423 ATTICO
1011 1387 1048 1422 S.

197 1461 320 1516 Quae
358 1461 596 1512 desideras,
650 1457 799 1513 omnia
843 1456 1003 1514 scripsi
1046 1452 1092 1498 in
1132 1457 1353 1500 codicillis
1391 1470 1554 1516 eosque

86 1516 212 1558 Eroti
242 1517 343 1557 dedi
372 1519 587 1567 breviter,
627 1516 702 1555 sed
736 1517 871 1556 etiam
911 1517 1041 1570 plura
1080 1528 1211 1567 quam
1253 1519 1453 1569 quaeris3
1505 1520 1553 1558 in

83 1575 139 1613 iis
179 1573 232 1613 de
273 1573 516 1621 Cicerone;
567 1573 691 1611 cuius
734 1570 910 1624 quidem
959 1571 1244 1626 cogitationis
1286 1573 1465 1612 initium
1502 1581 1554 1614 tu

180 1688 213 1722 5.
265 1689 302 1720 in
319 1684 452 1730 forum
489 1685 537 1719 ad
571 1679 735 1732 agendas
770 1692 910 1725 causas,
947 1684 1002 1718 als
1037 1684 1102 1718 ein
1136 1684 1554 1734 Zerstreuungsmittel

86 1735 233 1769 wieder
247 1734 529 1768 Rechtsh‘aindel
555 1740 602 1766 zu
629 1733 892 1768 iibernehmen
915 1751 963 1757 —
989 1734 1091 1767 bonis
1108 1745 1153 1767 m.
1174 1734 1258 1776 reb„
1285 1734 1449 1770 florente
1475 1735 1556 1769 for-

86 1788 192 1825 tuna,
219 1783 261 1815 in
286 1783 443 1817 meinen
469 1786 589 1829 guten
614 1781 753 1829 Tagen.
790 1800 837 1806 —
874 1794 954 1815 cum
971 1780 1077 1825 soro,
1104 1781 1224 1816 scilic.
1252 1792 1458 1818 commune
1485 1788 1555 1828 est,

88 1831 183 1865 Was
216 1830 302 1863 hab’
330 1830 396 1864 ich
430 1831 504 1863 mit
530 1829 616 1863 dem
643 1830 744 1864 Foro
771 1841 819 1863 zu
844 1829 1025 1863 schaffe‘n.
1061 1837 1133 1864 om.
1161 1842 1241 1863 cum
1266 1829 1344 1866 Md.
1370 1843 1391 1864 a
1415 1839 1475 1876 pr.
1501 1843 1555 1866 m.

90 1879 158 1914 Cd.
186 1879 228 1911 in
255 1880 359 1913 1584.
385 1879 480 1912 Vict.
509 1881 542 1912 1.
568 1879 602 1913 2.
638 1876 720 1912 Bos.
747 1878 897 1912 Habent
933 1877 1005 1910 Md.
1032 1889 1052 1911 a
1077 1888 1149 1911 sec.
1179 1889 1230 1914 m.
1266 1877 1422 1922 eiusque
1458 1891 1556 1915 asse-

90 1927 183 1968 clae,
212 1926 308 1960 Edd.
335 1932 422 1962 cett.
453 1928 529 1961 OR.-
555 1944 599 1950 —
624 1929 701 1959 sine
726 1927 814 1967 iud„
851 1930 928 1959 sine
954 1929 1072 1966 curia,
1107 1925 1208 1959 ohne
1232 1927 1555 1976 gesetzmiissigen

91 1973 351 2015 Gerichtshof,
378 1975 477 2008 ohne
502 1972 801 2022 unabh'zsingigen
826 1972 950 2012 Senat,
981 1992 1029 1998 —
1066 1978 1132 2006 aut
1156 1973 1178 2017 †
1204 1978 1382 2019 quatenus
1407 1988 1464 2010 eos
1488 1979 1558 2011 mi-'

88 2023 128 2056 hi
154 2024 350 2059 concedere.
401 2024 502 2056 Haec
528 2028 588 2055 vv.
626 2032 645 2055 e
671 2022 905 2068 ὃιττογραφίᾳ
938 2033 965 2057 s.
994 2017 1087 2055 falso
1120 2021 1389 2066 supplemento
1426 2035 1554 2058 acces-

91 2071 182 2104 sisse
217 2075 451 2104 censuerunt
489 2071 625 2105 Muret.
660 2069 870 2111 Graevius3
922 2069 998 2105 del.
1035 2081 1077 2104 ea
1109 2067 1196 2103 Sch.
1235 2069 1334 2106 [stin.
1375 2071 1553 2105 Retinuit

91 2118 233 2159 Lambf,
273 2118 461 2151 scribens:
499 2123 565 2151 aut
596 2119 842 2163 aliquatenus.
893 2119 1024 2165 Margo
1060 2118 1154 2153 1584
1186 2120 1250 2150 aut
1276 2118 1552 2164 quadamtenus.

90 2167 229 2199 Placet.
268 2167 342 2199 OR.
382 2166 506 2208 „oder
538 2165 750 2200 inwieweit
775 2166 827 2199 sie
863 2177 900 2199 es
927 2165 1020 2199 oder
1045 2165 1125 2198 <lass
1159 2165 1213 2200 sie
1240 2177 1277 2200 es
1305 2167 1385 2200 mir
1411 2179 1487 2202 nur
1512 2168 1554 2201 in

90 2215 273 2260 gewisser
298 2215 436 2247 Maasse
463 2214 674 2247 erlaubten.
714 2213 749 2248 S.
768 2212 917 2247 Ramsh.
945 2214 972 2257 §.
991 2216 1070 2255 195,
1097 2214 1146 2253 11,
1174 2217 1206 2248 1.
1233 2225 1265 2248 a.
1288 2226 1326 2251 u.
1350 2214 1384 2249 b;
1411 2216 1556 2261 Zumpt

91 2263 118 2303 ᾗ.
146 2264 225 2296 603.
253 2261 400 2295 Grotef.
423 2262 440 2305 §
477 2263 560 2296 412.
583 2261 694 2295 Anm.
719 2281 766 2286 —
791 2265 868 2295 icem
889 2264 1171 2306 pridem..esse,
1198 2273 1370 2308 quum:
1391 2276 1436 2298 ex
1463 2275 1553 2308 quo,

92 2309 172 2341 dass
196 2320 232 2342 es
251 2310 364 2356 lange
382 2309 455 2343 her
472 2310 531 2350 ist,
553 2310 625 2343 seit
644 2309 705 2342 Du
723 2309 844 2343 allein
857 2309 935 2342 mir
955 2310 1068 2343 mehr
1093 2309 1204 2357 giltst
1230 2311 1285 2344 a'ls
1311 2311 1365 2345 sie
1391 2312 1480 2348 alle.
1507 2330 1552 2338 -

90 2370 168 2391 meo
193 2358 369 2392 iudicio..
387 2363 497 2402 stare,
523 2357 691 2391 meinem
719 2358 884 2406 eigenen
911 2358 1033 2403 Kopfe
1059 2358 1204 2405 folgen.
1245 2372 1310 2404 que
1334 2370 1383 2391 =
1407 2357 1556 2396 56·ᾶή-

91 2407 312 2449 reliquorum
339 2405 494 2439 iudicio.
520 2424 567 2429 —
594 2418 684 2451 quae
708 2411 793 2439 sunt
819 2409 856 2438 ιή
885 2419 963 2439 eam
988 2411 1091 2448 sent„
1125 2406 1219 2440 iiber
1244 2406 1375 2441 diesen
1402 2404 1556 2456 Gegen-

91 2453 213 2486 stand.
243 2472 283 2478 —
309 2455 364 2487 Ab
390 2455 466 2487 his.
483 2480 490 2486 .
507 2455 686 2495 remediis,
714 2465 790 2487 von
817 2453 944 2486 dieser
969 2452 1059 2487 Cur.
1086 2472 1132 2478 —
1157 2459 1200 2488 ne
1225 2456 1398 2493 recidam,
1436 2456 1556 2490 damit

92 2500 158 2533 ich
184 2501 327 2534 keinen
354 2501 534 2534 Riickfall
562 2501 777 2535 bekomme.
828 2501 898 2534 Ich
934 2501 1000 2534 bin
1033 2501 1103 2536 der
1127 2503 1312 2550 Meinung
1348 2502 1417 2536 der
1450 2504 1557 2538 alteri

91 2548 361 2592 Philosophen‚
401 2548 481 2582 dass
518 2549 659 2595 ruhige
690 2548 1062 2584 wissenschaftliche
1088 2550 1402 2598 Beschaftigung,
1444 2551 1557 2585 nicht

91 2596 319 2641 politisches
348 2595 584 2638 Getiimmel,
610 2597 673 2629 das
699 2596 802 2630 beste
829 2598 1241 2646 Zerstreuungsmittel
1267 2598 1331 2632 sei.

187 2647 221 2680 1,
271 2656 396 2690 eosque
429 2646 541 2678 Eroti
574 2646 658 2678 dedi
690 2649 780 2677 statt
815 2657 902 2691 quos
927 2646 992 2681 Er.
1020 2646 1053 2679 d.
1096 2645 1189 2679 oder
1222 2644 1414 2680 codicillis
1448 2645 1559 2680 Eroti

92 2692 201 2726 datis.
229 2711 275 2718 -
301 2695 339 2725 in
365 2694 421 2727 iis.
458 2693 554 2726 ΕΓΗ.
583 2692 736 2726 volebat
761 2695 800 2727 in
826 2693 893 2727 his.
921 2711 966 2720 —·
992 2695 1034 2729 de
1056 2694 1235 2735 Cicerone,
1264 2693 1307 2727 in
1325 2694 1473 2730 Betreff
1496 2695 1560 2729 des

145 2761 226 2798 Cic.
242 2762 370 2798 Briefe
384 2775 420 2798 v.
436 2761 594 2801 Billerb.
616 2756 687 2800 111ss
799 2754 816 2773 ³
1206 2757 1258 2799 17
