1795 3081
495 69 812 121 EPISTOLA
847 69 1145 120 CCCCLXI.
1457 73 1551 118 121

254 194 570 244 EPISTOLA
608 192 906 240 CCCCLXI.
971 192 1053 250 (ad
1086 191 1198 241 Div.
1233 192 1316 242 IV.
1332 192 1415 249 .3.)

223 283 305 319 scr.
332 283 469 317 nomae
496 285 654 314 exeunte
681 280 898 325 septembri
924 280 966 314 A.
982 281 1038 314 U.
1065 281 1104 315 c.
1130 283 1211 316 708.
1238 282 1285 324 (a.
1313 281 1351 316 c,
1378 281 1453 320 46.)

113 355 325 400 Sulpicium
352 352 513 387 Achaiae
539 363 560 384 a
587 352 742 386 Caesare
775 347 861 396 post
894 362 1061 399 pugnam
1086 351 1338 385 Pharsalicam
1365 351 1554 396 praeposi-

186 409 266 436 tum
292 401 506 436 consolatur
532 399 571 432 in
598 399 743 442 dolore,
778 410 890 443 quem
918 410 962 432 ex
988 399 1046 432 rei
1070 399 1248 444 publicae
1275 399 1489 433 calamitate

666 447 846 492 capiebat.
874 449 994 481 1—4.

447 521 496 553 M.
522 512 698 554 CICERO
725 517 762 552 S.
789 519 833 552 D.
861 518 964 553 SER.
994 516 1226 553 SULPICIO.

225 592 521 632 Vehementer
549 595 711 631 te'esse
740 592 982 630 sollicitum
1013 596 1055 630 et·
1085 592 1131 629 in
1161 591 1463 630 communibus
1483 591 1567 628 mi-

119 650 245 689 seriis
272 649 510 701 praecipuo
542 647 731 700 quodam
760 645 914 685 dolore
943 647 1046 700 angi
1074 647 1203 684 multi
1232 645 1287 685 ad
1315 659 1393 685 nos
1423 647 1569 698 quoti-

121 704 192 743 die
221 703 434 742 deferunt.
495 701 622 753 Quod
651 715 911 754 quamquam
944 702 1124 740 minime
1161 702 1304 739 miror
1339 708 1381 740 et
1424 713 1570 740 meum

78 789 84 793 x
121 756 440 811 quodammodo
478 768 690 812 agnosco3
728 756 855 795 doleo
884 763 1028 796 tamen
1065 762 1108 795 te
1145 757 1360 808 sapientia
1395 755 1571 808 praedi-

121 821 216 853 tum
261 825 398 865 prope
444 813 659 867 singulari
704 825 791 850 non
843 813 930 850 tuis
979 812 1105 850 bonis
1151 810 1363 850 delectari
1410 813 1572 863 potius,

123 881 251 921 quam
292 868 447 906 alienis
483 868 609 905 malis
645 867 863 906 laborare.
933 866 1008 905 Me
1050 865 1243 918 quidem,
1287 867 1370 904 etsi
1409 865 1575 904 nemini

124 921 330 972 concedo,
369 923 444 974 qui
473 924 685 961 maiorem
716 935 769 961 ex
798 923 993 974 pernicie
1033 927 1076 960 et
1103 927 1222 974 peste
1262 922 1329 960 rei
1370 920 1575 972 publicae

124 979 369 1017 molestiam
398 979 599 1027 traxerit,
631 984 773 1016 tamen
794 977 932 1016 multa
953 978 1041 1015 iam
1063 977 1348 1015 consolantur
1366 977 1575 1014 maxime-

127 1047 210 1086 que
240 1034 504 1072 conscientia
535 1033 822 1070 consiliorum
859 1044 1069 1070 meorum.
1137 1031 1282 1070 Multo
1323 1032 1438 1070 enim
1477 1035 1578 1067 ante

126 1095 347 1140 tamquam
383 1101 435 1127 ex
477 1088 625 1139 aliqua
661 1088 838 1140 specula
879 1088 1085 1139 prospexi
1122 1092 1423 1138 tempestatem
1459 1087 1579 1123 fum-

129 1157 249 1183 ram:
279 1156 418 1194 neque
447 1142 493 1181 id
512 1143 653 1180 solum
673 1155 770 1180 mea
794 1148 962 1194 sponte,
992 1141 1067 1180 sed
1095 1143 1235 1180 multo
1266 1143 1399 1180 etiam
1426 1141 1583 1194 magis,

129 1204 333 1237 monente
364 1204 405 1236 et
434 1197 717 1237 denuntiante
744 1203 801 1236 te.
865 1197 958 1235 Etsi
987 1198 1104 1235 enim
1134 1198 1225 1235 afui
1254 1209 1454 1251 magnam
1484 1207 1583 1247 par-

131 1260 221 1293 tem
251 1253 499 1292 consulatus
528 1253 609 1302 tui,
649 1259 792 1291 tamen
831 1258 874 1291 et
912 1252 1064 1291 absens
1101 1252 1429 1307 cognoscebam,
1474 1261 1584 1302 quae

133 1314 244 1347 esset
272 1314 348 1346 tua
376 1309 422 1345 in
450 1308 534 1345 hoc
572 1308 780 1359 pestifero
819 1307 937 1345 bello
977 1306 1169 1345 cavendo
1210 1313 1254 1345 et
1291 1303 1584 1359 praedicendo

135 1365 364 1411 sententia,
395 1368 438 1401 et
466 1364 558 1413 ipse
589 1361 709 1399 adfui
739 1363 892 1414 primis
923 1363 1192 1413 temporibus
1222 1362 1288 1399 tui
1319 1361 1586 1408 consulatus,

137 1431 271 1470 quum
300 1418 623 1456 accuratissime
652 1418 862 1454 monuisti
891 1423 1102 1465 senatum,
1147 1416 1346 1454 collectis
1386 1415 1588 1453 omnibus

138 1474 266 1512 bellis
297 1472 518 1520 civilibus,
553 1477 602 1509 ut
632 1478 674 1509 et
703 1472 782 1508 illa
812 1472 1033 1520 timerent,
1065 1484 1173 1522 qnae
1205 1472 1518 1519 meminissent,
1547 1474 1592 1507 et

139 1529 316 1572 scirent,
360 1540 492 1578 quum
534 1527 799 1578 superiores,
842 1526 966 1563 nullo
1006 1526 1086 1564 tali
1130 1526 1329 1578 exemplo
1374 1531 1500 1564 antea
1545 1520 1592 1561 in

236 1641 337 1674 SER.
363 1640 591 1674 SULPIClO.
632 1639 666 1672 S.
693 1651 740 1671 zu
768 1651 824 1683 ep.
852 1639 1077 1673 CCCCLXV
1103 1639 1155 1671 im
1186 1639 1270 1671 Ans.
1322 1640 1378 1672 Er
1404 1639 1507 1672 hatte
1535 1649 1595 1671 so-

143 1701 213 1738 gar
239 1688 367 1721 seinen
393 1686 496 1722 Sohn
522 1693 635 1720 unter
661 1686 774 1719 C'a'sar
809 1687 946 1720 dienen
973 1688 1118 1726 lassen;
1160 1686 1296 1720 iedoch
1320 1687 1427 1720 wohl
1455 1697 1529 1719 nur
1553 1687 1596 1718 in

144 1739 212 1770 der
236 1736 428 1782 Meinung,
457 1736 534 1767 dass
562 1735 685 1768 dieser
710 1735 808 1767 nach
836 1735 1039 1782 ge1·'achter
1064 1734 1170 1767 Ehre
1199 1735 1260 1767 die
1287 1734 1478 1778 Republik
1503 1733 1597 1767 wie-

146 1785 214 1817 der
238 1783 448 1816 herstellen
464 1783 609 1816 wiirde.
646 1783 742 1815 Ietzt
768 1782 870 1822 aber,
899 1783 942 1815 da
969 1794 1011 1815 er
1029 1783 1129 1814 diese
1151 1782 1350 1829 Hoffnung
1365 1781 1599 1815 verschwin-

147 1832 218 1865 den
244 1830 321 1872 sah,
346 1830 454 1864 ward
481 1842 523 1864 er
547 1829 914 1877 niedergeschlagen
940 1830 1019 1862 und
1043 1829 1300 1876 missmiithig.

242 1894 274 1924 1.
309 1893 519 1934 praecipuo,
544 1890 708 1934 privato,
736 1890 936 1936 singulari,
970 1889 1041 1922 Dir
1066 1901 1163 1936 ganz
1191 1888 1393 1922 besonders
1427 1889 1599 1923 eiu-enen.

150 1957 196 1963 —-
224 1944 258 1971 ct
280 1949 327 1969 Ξ
353 1938 416 1971 sed
440 1951 556 1972 meum
581 1950 612 1982 q.
640 1949 808 1982 agnosco,
836 1937 1009 1971 sondern'
1027 1937 1220 1969 vielmehr
1245 1937 1431 1974 bekenne,
1484 1949 1537 1970 ass
1564 1948 1602 1970 es

152 1986 229 2019 mir
264 1986 357 2020 eben
393 1996 430 2018 so
459 1987 562 2033 geht.
601 1986 724 2019 Ueber
750 1991 782 2018 et
808 1998 833 2018 s.
864 1984 1013 2017 Ramsh.
1042 1985 1067 2027 ξ.
1100 1987 1178 2026 179,
1206 1985 1247 2025 Β,
1275 1996 1306 2024 a,
1333 1987 1365 2019 6.
1393 2004 1440 2009 ——
1472 1987 1604 2018 alienis

153 2034 261 2068 malis
289 2034 411 2075 labor„
437 2034 582 2067 fremde
609 2033 727 2066 Uebel
752 2032 978 2079 vergeblich
1005 2043 1041 2065 so
1070 2031 1159 2065 sehr
1184 2044 1231 2064 zu
1257 2034 1408 2066 Herzen
1434 2032 1602 2066 nimmst.

153 2100 200 2106 —
226 2082 375 2114 concedo
409 2081 489 2114 scil.
525 2083 565 2114 <Ze
590 2082 767 2121 molestat,
807 2079 987 2127 obgleich
1026 2080 1089 2112 ich
1124 2080 1299 2120 Keinem,
1339 2080 1606 2113 der...einen

156 2130 332 2176 grosscrn
369 2129 542 2162 Unmuth
582 2128 732 2161 miichte
774 2124 1004 2172 empfunden
1041 2127 1174 2167 haben,
1229 2127 1337 2160 darin
1384 2128 1603 2161 nachstehe.

156 2177 243 2223 Vgl.
272 2178 298 2219 ξ,
319 2179 351 2210 ll.
378 2195 423 2200 ——
450 2179 570 2211 consil.
589 2188 711 2217 meon,
738 2176 886 2209 meiner
908 2175 1080 2208 iauteren
1099 2175 1386 2221 Gesinnungen.
1417 2194 1458 2200 —
1484 2181 1606 2220 temp.⁷

159 2225 220 2258 da<
260 2224 510 2270 Ungewitter.
547 2243 593 2249 ——-
633 2228 916 2257 moncrzte...te
954 2227 997 2255 st.
1040 2223 1141 2265 quod
1175 2227 1217 2254 tu
1256 2235 1316 2256 me
1354 2223 1530 2256 monebas
1571 2228 1609 2256 et

158 2272 255 2304 mihi
283 2277 542 2315 tempestatem
569 2271 820 2304 denuntiabas.
848 2290 895 2294 -—
928 2270 1036 2313 afui,
1076 2275 1160 2303 octo
1187 2272 1266 2303 fere
1292 2282 1451 2311 menses,
1492 2282 1609 2314 quum

161 2320 311 2352 abiisset
337 2320 543 2363 proconsul
572 2319 612 2351 in
639 2320 826 2357 Ciliciam,
860 2319 905 2351 ΞΟ
931 2321 1010 2353 703.
1045 2318 1170 2352 Ueber
1195 2318 1267 2351 den
1295 2318 1466 2351 Accusat.
1493 2324 1608 2362 temp.

160 2379 332 2412 magnam
362 2373 506 2411 partem
533 2379 559 2401 c.
588 2372 612 2402 t.
652 2380 678 2399 s.
706 2366 854 2399 Ramsh.
891 2367 918 2408 ᾗ.
947 2366 1028 2405 135,
1062 2369 1097 2406 3,
1124 2365 1157 2398 b.
1194 2365 1338 2398 Grotef.
1378 2365 1406 2406 ἓ.
1445 2367 1526 2400 225.
1565 2383 1612 2390 -

161 2421 226 2448 tua
254 2415 276 2448 i.
304 2426 334 2447 e.
362 2427 380 2447 a
408 2419 443 2448 te
469 2415 507 2446 in
533 2419 661 2447 senatu
687 2414 835 2458 prolata
861 2415 1277 2447 sententia.—ccwend0
1304 2419 1338 2446 et
1362 2414 1613 2456 praedicendo,

165 2463 204 2495 in
231 2461 425 2503 Hinsicht,
463 2463 502 2494 in
528 2461 672 2495 Betreff
704 2462 772 2495 der
802 2461 1102 2508 Vorhersagung·
1136 2461 1213 2493 und
1237 2461 1464 2508 Verhiitung
1496 2461 1613 2495 dieses

165 2523 203 2544 so
230 2508 524 2542 verderblichen
549 2510 719 2555 Kriegcs.
753 2508 878 2542 Ueber
904 2509 965 2541 das
985 2509 1177 2552 Hysteron
1203 2513 1386 2552 proteron
1413 2521 1439 2541 s.
1461 2508 1611 2541 Ramsh.

164 2559 192 2601 ξ.
221 2559 302 2596 206,
330 2557 369 2598 Β,
396 2560 429 2591 3.
461 2576 499 2582 -
527 2559 681 2590 collectis
708 2556 729 2590 i.
759 2568 789 2588 e.
818 2557 1034 2603 colligendo
1062 2557 1187 2590 omnia
1212 2556 1307 2589 bella
1325 2555 1468 2595 civilia,
1489 2555 1615 2589 durch

167 2603 406 2649 Aufz'a'hlung·
432 2604 530 2637 aller
555 2604 715 2651 vorigcn
741 2603 1033 2651 Bfirgerkriege.
1072 2604 1108 2638 S.
1135 2603 1286 2636 Ramsh.
1314 2604 1341 2645 §.
1363 2606 1426 2637 171
1449 2603 1490 2644 Β,
1517 2603 1552 2645 d,
1579 2607 1614 2637 3.

169 2672 209 2679 -
240 2654 319 2689 illa,
355 2652 416 2685 die
449 2651 715 2685 Wiederkchr
749 2651 816 2683 der
849 2652 980 2685 Ucbel.
1012 2669 1050 2676 -
1087 2657 1120 2683 ct
1153 2654 1296 2689 scirent,
1335 2651 1414 2683 und
1450 2650 1530 2684 dass
1564 2651 1616 2684 sic

170 2699 250 2733 sich
278 2699 482 2746 iiberzeugt
508 2699 639 2732 halten
665 2697 854 2732 mochten.
893 2700 1017 2734 Ueber
1038 2699 1111 2732 den
1129 2699 1258 2731 Plural
1284 2698 1352 2732 der
1373 2698 1495 2732 Verba
1520 2698 1617 2732 beim
