1795 3081
220 97 252 140 4
474 90 541 140 M.
579 92 632 140 Τ.
672 89 1014 139 CICERONIS
1051 88 1429 139 EPISTOLAE.

180 216 322 255 Mem.
380 211 509 264 Quod
525 210 577 250 de
596 210 782 250 Vatinio
809 212 998 263 quaeris,
1027 223 1167 263 neque
1197 210 1334 260 illius,
1364 221 1504 261 neque
1534 211 1679 250 cuius-

221 282 349 321 quam
382 268 489 305 mihi
520 272 748 319 praeterea
771 267 965 305 officium
991 266 1172 315 deesset,
1204 267 1239 303 si
1266 266 1465 318 reperire
1487 272 1678 317 possent,

220 336 304 375 qua
335 324 378 360 in
413 336 458 361 re
488 336 555 360 me
586 323 803 360 iuvarent.
851 322 1038 372 Quintus
1069 321 1346 360 aversissimo
1378 333 1401 358 a
1432 333 1501 358 me
1531 322 1678 361 animo

221 379 360 416 Patris
392 379 487 415 suit.
545 374 706 415 Eodem
736 376 933 426 Corcyra
971 377 1088 415 filius
1124 376 1260 415 venit.
1320 374 1425 414 Inde
1455 376 1677 428 profectos

219 446 292 471 eos
323 445 407 470 uua
438 444 537 470 cum
566 432 726 469 ceteris
755 431 965 471 arbitror.

296 566 618 616 EPISTOLA
653 565 982 614 CCCXCVII.
1050 565 1133 625 (ad
1167 565 1280 613 Div.
1316 566 1450 616 XIV.
1490 566 1596 626 19.)

289 654 368 688 scr.
396 655 585 688 Brundisii
612 655 715 689 cirea
742 654 802 688 lv.
842 652 924 686 Kal.
952 653 1042 689 Dee.
1070 653 1112 686 A.
1140 654 1186 689 U.
1216 654 1254 688 c.
1282 656 1360 690 706.
1389 656 1437 696 (a.
1464 655 1503 690 c,
1530 656 1610 697 48.)

215 726 397 760 Dolorem
425 737 469 758 ex
495 725 713 760 valetudine
747 725 848 758 filiae
884 730 921 757 et
947 736 985 757 so
1013 724 1211 768 impediri,
1254 736 1328 769 quo
1360 725 1486 759 minus
1518 724 1678 769 propius

620 774 666 806 ad
691 773 824 807 urbem
851 772 1016 813 accedat,
1050 772 1253 819 significat,

531 843 746 880 TULLIUS
771 842 1064 878 TERENTIAE
1091 842 1221 877 SUAE
1247 842 1282 878 S.
1311 843 1355 878 D.

324 916 374 956 In
411 914 612 956 maximis
658 916 765 956 meis
815 914 1044 955 doloribus
1093 917 1322 955 excruciat
1360 927 1429 955 me
1468 913 1677 955 valetudo

214 971 393 1011 Tulliae
441 979 634 1011 nostrae.
708 971 774 1011 De
808 984 893 1023 qua
937 970 1052 1009 nihil
1083 977 1160 1018 est,
1208 970 1327 1024 quod
1369 970 1424 1009 ad
1462 977 1506 1010 te
1548 971 1679 1024 plura

214 1085 333 1118 tentia
358 1085 659 1120 restituendum:
689 1087 790 1119 lectis
814 1084 905 1126 (his)
935 1086 1055 1118 literis
1077 1097 1111 1128 p.
1140 1087 1333 1131 intelliges.
1357 1084 1423 1119 cd,
1450 1088 1577 1117 autem
1603 1083 1677 1117 De-

210 1137 323 1170 curt„
350 1133 421 1166 etsi
447 1134 490 1166 ab
517 1132 666 1180 origine
693 1133 873 1177 optimus,
906 1132 1101 1165 interdum
1137 1137 1264 1166 tamen
1289 1132 1421 1177 prodit
1457 1131 1676 1173 emendato·

211 1180 263 1213 ris
298 1181 473 1227 vestigia.
530 1181 719 1215 ORELLI.
775 1180 852 1213 Der
884 1180 1149 1225 Herausgeber
1174 1180 1327 1214 m‘dchte
1357 1180 1499 1214 lieber:
1536 1180 1588 1212 ad
1614 1191 1676 1212 vos

208 1226 418 1272 scripserim
440 1231 646 1269 literarum,
681 1228 759 1261 und
786 1228 985 1261 erklaren:
1017 1228 1077 1260 Ex
1104 1239 1157 1265 eo2
1188 1230 1569 1274 quod...scripserim
1593 1229 1675 1260 lite-

210 1287 352 1315 rarum,
385 1288 441 1321 pr.
469 1278 661 1320 intelliges.
723 1276 851 1310 Ueber
877 1277 974 1321 quod
995 1285 1044 1307 =
1068 1287 1145 1309 was
1172 1276 1245 1310 Das
1280 1276 1449 1323 anlangt,
1487 1274 1568 1308 dass
1606 1273 1673 1307 ich

207 1334 242 1357 u.
270 1336 297 1357 s,
324 1334 388 1362 w.,
424 1335 450 1357 s.
480 1322 629 1359 Ramsh.
655 1326 687 1364 §.
716 1326 797 1365 182,
824 1324 913 1360 Not.
941 1326 974 1359 1.

303 1372 335 1404 II.
387 1372 428 1402 de
456 1371 616 1404 Vatinio.
669 1371 778 1403 Scire
819 1371 890 1412 vis,
940 1381 1015 1414 quo
1050 1369 1180 1403 animo
1219 1370 1394 1403 Vatinius
1430 1370 1471 1403 in
1514 1381 1575 1403 me
1610 1369 1670 1403 sit.

207 1416 294 1450 Hoc
321 1422 446 1450 autem
476 1418 692 1460 quaesierat
717 1417 877 1454 Atticus,
912 1419 1069 1450 fortasse
1105 1417 1206 1461 quod
1242 1423 1453 1459 vereretur,
1489 1429 1537 1450 ne
1572 1417 1673 1449 Vati-

207 1465 305 1506 nius,
339 1465 404 1509 qui
446 1465 671 1499 Ciceronem
712 1470 798 1498 ante
837 1465 1000 1512 diligere
1038 1465 1137 1498 visus
1174 1470 1279 1507 esset,
1329 1467 1484 1500 Caesare
1523 1465 1672 1498 victore

208 1522 285 1545 non
312 1512 475 1545 eundem
503 1524 540 1546 se
565 1517 788 1557 praestaret,
828 1512 893 1545 sed
919 1512 1084 1546 iniuriae
1122 1513 1249 1556 potius
1285 1524 1398 1556 quam
1434 1512 1615 1546 beneficii
1651 1524 1671 1545 a

207 1559 390 1594 Cicerone
425 1563 574 1603 accepti
608 1571 757 1593 memor
792 1571 868 1593 esse
904 1560 1036 1595 vellet.
1094 1561 1191 1593 Nam
1218 1561 1385 1604 primum
1422 1572 1505 1593 eum
1534 1560 1671 1593 Cicero

206 1611 463 1653 oppugnarat,
492 1607 630 1641 deinde
656 1607 888 1641 defenderat.
913 1607 1092 1641 MANUT.
1122 1608 1257 1655 Vergl.
1287 1619 1345 1652 ep.
1375 1608 1456 1643 CII.
1484 1608 1670 1646 CCCCIV,

204 1656 241 1690 2.
270 1655 467 1696 CXLVIII,
496 1658 566 1693 19„
590 1667 639 1688 zu
666 1667 723 1699 ep.
750 1655 902 1689 DXCIX
929 1656 980 1688 im
1008 1656 1096 1690 Ans.
1125 1655 1225 1688 Orat.
1251 1656 1375 1688 Vatin.
1405 1660 1421 1690 1
1451 1667 1553 1700 seqq.
1582 1654 1671 1688 Phi-

206 1702 303 1746 lipp.
331 1702 374 1744 X,
396 1704 430 1737 5.
451 1721 498 1726 -
518 1716 589 1749 qua
616 1706 654 1736 in
681 1715 718 1736 re
743 1716 797 1736 me
823 1706 895 1736 ιἰιυ.
920 1701 1045 1738 Wohl
1071 1704 1221 1737 Ironie!
1238 1722 1282 1728 —
1299 1707 1524 1737 aversissima
1552 1706 1589 1736 in
1615 1716 1670 1737 me

204 1753 341 1791 animo,
385 1748 450 1783 hat
488 1751 592 1784 seine
629 1751 882 1798 Erbitterung
915 1762 1038 1798 gegen
1072 1750 1178 1783 mich
1214 1763 1260 1783 zu
1295 1753 1426 1785 Patrae
1466 1751 1556 1785 sehr
1589 1751 1670 1784 laut

206 1798 362 1831 werden
399 1798 531 1832 lassen.
591 1797 788 1833 Warum‘?
830 1798 1050 1840 Vielleicht,
1077 1798 1168 1831 weil
1193 1800 1238 1833 M.
1269 1799 1404 1833 Cicero
1444 1799 1540 1840 ihm,
1581 1799 1667 1831 dem

206 1845 483 1893 iachzornigen
508 1848 656 1886 Manne,
697 1846 796 1878 nach
824 1846 892 1879 der
917 1845 1098 1879 Schlacht
1125 1846 1181 1879 bei
1221 1846 1420 1880 Pharsalus
1458 1848 1667 1880 Vorwiirfe

207 1892 371 1926 dariiber
404 1892 566 1931 maome,
607 1894 687 1926 dass
715 1904 757 1927 er
783 1894 855 1926 ihn
890 1892 1001 1926 nicht
1039 1893 1267 1940 abgehalten
1298 1894 1415 1936 hiitte,
1450 1895 1533 1928 dem
1561 1895 1668 1928 Pom-

205 1940 314 1984 peius
348 1940 447 1974 nach
481 1941 767 1975 Griechenland
801 1953 849 1974 zu
895 1942 1047 1989 folgen3
1091 1942 1184 1974 oder
1216 1942 1308 1975 weil
1344 1944 1391 1977 M.
1428 1943 1564 1977 Cicero
1604 1943 1667 1975 das

205 1987 287 2020 ihm
315 1999 390 2021 von
411 1990 501 2022 Cato
519 1989 754 2036 angebotene
774 1989 1098 2023 Oberconunando
1124 1989 1234 2021 nicht
1261 1990 1537 2023 iibernommen
1564 1989 1668 2023 hatte

205 2035 286 2068 und
311 2047 388 2067 nun
415 2047 526 2084 sogar
550 2037 648 2069 nach
675 2036 812 2070 Italien
839 2036 1138 2075 zuriickkehrte,
1176 2049 1252 2077 um,
1295 2037 1368 2071 wie
1395 2049 1432 2071 es
1459 2038 1545 2071 dem
1571 2038 1668 2070 Bru-

206 2083 276 2116 der
300 2082 445 2124 schien,
474 2084 555 2117 sich
585 2085 642 2117 bei
670 2085 779 2118 C'n'sar
805 2097 852 2117 zu
879 2084 1173 2131 rechtfertigen,
1203 2085 1333 2118 dessen
1360 2086 1518 2119 iiberaus
1536 2096 1667 2132 grosse

205 2131 438 2178 Zuneigung
465 2132 623 2174 Quintus
659 2133 769 2165 meist
807 2144 869 2165 aus
897 2132 1013 2166 Liebe
1039 2144 1124 2164 zum
1152 2134 1297 2165 Marcus
1323 2132 1362 2164 in
1389 2134 1513 2167 einem
1541 2133 1667 2166 Grade

176 2178 425 2212 ⁴verscherzt
461 2179 575 2220 hatte,
621 2179 700 2213 dass
735 2191 777 2213 er
811 2181 878 2213 auf
898 2180 1144 2227 Verzeihung
1177 2179 1288 2212 nicht
1323 2179 1444 2214 leicht
1471 2180 1666 2222 reehnete,

205 2226 374 2259 sondern
400 2227 521 2259 lieber
545 2226 769 2273 gewiinscht
797 2227 915 2268 hatte,
949 2240 996 2260 an
1036 2227 1104 2260 der
1131 2228 1232 2261 Seite
1266 2228 1387 2262 seines
1413 2229 1577 2262 Bruders
1604 2229 1667 2261 das

205 2273 297 2306 Heil
337 2274 405 2308 der
438 2274 593 2309 WVaffen
633 2287 680 2307 zu
728 2274 950 2310 versuchen.
1018 2274 1129 2307 Auch
1171 2286 1251 2309 war
1295 2275 1357 2309 das
1395 2275 1666 2310 militairische

204 2320 429 2368 Ehrgefflhl
471 2322 571 2356 ohne
613 2323 775 2355 Zweifel
819 2323 925 2356 dabei
969 2324 1179 2370 aufgeregt.
1255 2323 1334 2357 Der
1366 2323 1665 2372 IVaffenlus-tige

205 2368 349 2402 konnte
389 2369 551 2403 Cicero‘s
579 2371 766 2417 Klugheit
801 2370 841 2402 in
873 2370 1128 2416 Berechnung
1166 2370 1235 2403 der
1259 2372 1429 2404 Zukunft
1462 2371 1574 2405 nicht
1608 2383 1667 2405 er-

204 2416 324 2449 fassen
352 2417 427 2449 und
453 2417 516 2449 sah
545 2417 613 2449 ihn
642 2418 712 2450 mit
732 2417 1067 2465 argw'dhnischem
1085 2418 1193 2466 Auge
1220 2430 1278 2453 an.
1330 2420 1421 2452 Nun
1448 2420 1538 2453 aber·
1562 2419 1667 2452 hatte

205 2474 260 2502 er,
287 2464 377 2497 weil
403 2464 481 2497 sein
508 2465 656 2499 Bruder
682 2466 833 2513 abging,
863 2466 924 2499 das
941 2466 1043 2499 Heer
1069 2466 1131 2499 des
1159 2467 1248 2500 Cato
1277 2467 1500 2514 gIeichsalls
1526 2467 1668 2500 vex-las-

208 2522 273 2543 sen
300 2514 461 2548 iniissen,
514 2514 615 2546 Hinc
642 2513 735 2546 illae
762 2513 966 2546 lacrimae!
1007 2513 1092 2568 Vgl.
1121 2525 1176 2558 ep.
1208 2514 1387 2555 CCCCIl,
1415 2517 1450 2556 2,
1477 2514 1664 2557 CCCCIV,

206 2561 239 2592 1.
264 2577 310 2583 -—-
335 2559 518 2605 profectos
543 2574 600 2594 eos
625 2562 670 2594 ad
699 2560 895 2594 Caesarem
923 2561 965 2593 in
990 2561 1131 2601 Anam,
1159 2566 1200 2593 ut
1226 2561 1540 2605 deprecarentur.
1587 2563 1663 2607 Ap-

204 2612 312 2650 paret
339 2619 382 2640 ex
410 2608 564 2651 epistola
591 2609 766 2653 sequenti
793 2607 837 2650 (h
878 2609 934 2642 ed.
963 2610 1059 2651 398).
1111 2608 1290 2645 MANUT.

302 2669 334 2701 1.
389 2666 426 2699 In
452 2678 499 2699 Ξ
525 2672 650 2708 unter,
679 2667 751 2703 bei.
804 2668 839 2701 S.
878 2667 1025 2701 Ramsh.
1055 2672 1085 2709 §.
1116 2671 1196 2707 150,
1225 2670 1257 2703 2.
1297 2688 1344 2694 -
1382 2671 1534 2711 Tzdlz'ae,
1572 2681 1667 2713 quae

206 2712 344 2747 Romae
387 2715 619 2761 aegrotabat,
665 2726 756 2754 non,
795 2721 836 2747 ut
872 2716 1097 2759 quibusdam
1142 2717 1280 2760 visum,
1329 2718 1522 2750 Brundisii
1568 2717 1667 2761 apud

235 2782 259 2801 ‘N
