1795 3081
355 114 674 168 EPISTOLA
710 115 952 164 DLXXX.
990 117 1257 167 DLXXXI.
1462 122 1558 168 323

237 237 556 288 EPISTOLA
591 236 836 285 DLXXX.
908 237 991 295 (ad
1024 239 1127 287 Att.
1163 240 1271 289 XII.
1309 242 1411 300 50).

153 324 234 360 scr.
263 326 303 360 iu
327 326 545 362 Tusculano
576 325 639 362 xl.
668 325 750 362 Kal.
779 325 908 368 Quint.
936 327 977 360 A.
1007 327 1051 362 U.
1081 328 1120 363 c,
1149 332 1231 366 709.
1270 329 1317 374 (a.
1345 329 1385 365 d
1411 331 1487 375 45.)

441 397 537 432 Petit
563 397 606 430 ab
635 397 776 439 Attico,
804 402 846 430 ut
871 410 908 432 se
935 409 1024 432 mox
1050 400 1203 435 revisat„

587 467 766 503 CICERO
806 469 986 505 ATTICO
1022 470 1059 505 S.

199 540 260 582 Ut
296 555 365 582 me
407 541 581 582 levarat
615 547 717 580 tuus
760 540 987 594 adventus,
1027 544 1091 582 sic
1131 542 1345 585 discessus
1383 547 1557 587 afflixit.

91 595 239 649 Quare
269 610 402 651 quum
430 599 613 649 poteris,
644 596 690 635 id
720 604 800 647 est,
831 611 966 649 quum
996 597 1120 638 Sexti
1149 602 1347 640 auctioni
1379 615 1559 655 operam

92 652 280 703 dederis,
310 654 474 692 revises
505 665 596 690 nos,
636 652 724 691 Vel
754 666 866 697 unus
898 653 989 692 dies
1019 653 1129 693 mihi
1158 657 1246 695 erit
1274 655 1421 704 utilis,
1453 656 1559 709 quid

91 707 250 757 dicam,
288 710 475 762 gratus?
530 706 625 760 Ipse
655 707 841 747 Romam
879 710 1093 758 venirem,
1137 717 1188 751 ut
1227 724 1314 750 una
1353 724 1556 761 essemus,

91 764 129 801 si
158 764 262 802 satis
293 763 527 802 consilium
558 761 744 815 quadam
775 762 829 802 de
859 776 908 803 re
939 764 1160 804 haberem,

223 949 545 999 EPISTOLA
582 948 853 996 DLXXXI.
924 950 1006 1009 (ad
1042 950 1144 998 Att.
1180 951 1291 1000 XII.
1327 953 1427 1011 51.)

161 1037 243 1073 scr.
271 1039 312 1072 in
339 1038 556 1073 Tuscu1an0
583 1038 646 1072 XI.
672 1038 755 1074 Kal.
780 1038 907 1081 Quint.
935 1040 976 1072 A.
1005 1040 1050 1074 U.
1078 1041 1119 1075 c,
1146 1043 1228 1077 709.
1265 1042 1316 1083 (a.
1345 1041 1385 1076 c.
1412 1040 1488 1084 45.)

95 1111 150 1145 De
175 1111 333 1145 Tironis
359 1110 488 1145 reditu
515 1111 757 1152 aliorumque
783 1110 963 1144 adventu.
992 1114 1023 1145 1.
1053 1112 1098 1146 de
1126 1113 1306 1146 auctione
1333 1111 1563 1154 hortm-uros

96 1160 142 1194 de
170 1159 329 1205 epistola
353 1159 400 1193 ad
426 1158 623 1193 Caesarem
651 1157 848 1239 mitgendces.
881 1160 925 1241 23
953 1157 999 1194 de
1027 1159 1242 1195 Caerelliae
1269 1161 1423 1196 nomine
1451 1172 1564 1207 expe·

742 1218 807 1240 ιρι)
836 1217 868 1242 ο.
931 1230 939 1239 .

591 1278 772 1312 CICERO
814 1278 991 1313 ATTICO
1031 1277 1068 1313 S.

207 1349 422 1391 Tironem
458 1350 598 1390 habeo
642 1352 787 1400 citius,
830 1365 960 1404 quam
999 1348 1202 1392 verebar.
1262 1353 1403 1394 Venit
1432 1355 1566 1394 etiam

95 1405 276 1446 Nicias:
327 1413 372 1446 et
414 1406 651 1445 Valerium
696 1405 829 1445 hodie
883 1405 1117 1446 audiebam
1166 1421 1259 1449 esse
1310 1415 1564 1451 venturum.

0 1495 1 1513 χ
100 1462 309 1514 Quamvis
357 1462 487 1500 multi
530 1463 632 1511 sint,
682 1463 820 1517 magis
871 1468 1015 1501 tamen
1054 1476 1131 1502 ero
1175 1465 1308 1515 solus,
1354 1478 1484 1518 quam
1530 1465 1567 1504 si

0 1524 1 1566 ᾗ
99 1531 210 1556 unus
241 1530 366 1557 esses.
425 1515 512 1556 Sed
542 1523 745 1569 exspecto
776 1523 834 1568 te,
865 1517 1132 1557 aPeducaeo
1162 1520 1331 1571 utique.
1390 1519 1462 1558 Tu
1491 1533 1567 1559 au·

99 1580 187 1612 tem
218 1573 437 1627 significas
468 1571 637 1624 aliquid
667 1573 799 1611 etiam
830 1579 943 1613 ante.
1001 1571 1173 1613 Verum
1203 1573 1250 1613 id
1286 1573 1476 1627 quidem,
1520 1581 1568 1614 ut

79 1629 279 1681 ²poteris.
337 1627 403 1667 De
424 1627 640 1682 Virgilio,
669 1634 719 1666 ut
735 1628 909 1667 scribis.
969 1628 1070 1667 Hoc
1100 1635 1246 1668 tamen
1275 1630 1411 1670 velim
1437 1632 1565 1676 scire,
1585 1622 1610 1662 2

99 1682 272 1736 quaudo
304 1684 466 1722 auctio.
524 1683 767 1736 Epistolam
804 1682 859 1722 ad
891 1684 1122 1725 Caesarem
1163 1686 1282 1724 mitti
1318 1684 1449 1725 video
1487 1687 1570 1725 tibi

95 1739 288 1792 placere.
348 1737 466 1790 Quid
495 1739 700 1791 quaeris?
752 1738 870 1778 Mihi
901 1752 1074 1792 quoque
1113 1739 1197 1779 hoc
1234 1739 1350 1780 idem
1380 1742 1569 1781 maxime

196 1856 228 1888 1.
281 1853 382 1887 Sext-i
413 1853 611 1891 Peducaei,
651 1851 751 1887 eines
783 1852 1017 1886 R'dmischen
1044 1853 1235 1892 senators,
1273 1854 1342 1888 der
1376 1853 1437 1888 die
1475 1855 1571 1888 Ver-

100 1900 326 1948 steigerung
363 1900 518 1948 einiger
552 1902 680 1934 seiner
715 1900 973 1948 Besitzungen
1014 1902 1160 1935 seinem
1200 1902 1380 1936 Freunde
1417 1902 1571 1936 Attikus

102 1949 334 1996 'uberti-agen
359 1949 475 1984 hatte.
502 1967 549 1973 —
577 1951 734 1994 quadam
759 1949 801 1982 de
828 1960 879 1989 re,
914 1958 1056 1989 „wenn
1084 1949 1149 1982 ich
1177 1949 1272 1983 iiber
1298 1951 1384 1984 eine
1412 1951 1571 1997 gewisse

102 1995 222 2030 Sache
249 1996 322 2029 mit
348 1998 427 2029 mir
453 1997 568 2030 selbst
595 1996 713 2031 sehon
740 1997 846 2044 einig
875 2008 1006 2044 genug
1028 2000 1170 2031 w'a'ref‘
1202 1998 1311 2031 Diess
1338 1998 1466 2031 betraf
1489 2004 1573 2032 eut-

103 2044 233 2078 weder
259 2044 319 2078 die
345 2044 565 2092 Scheidung
602 2057 680 2079 von
716 2042 843 2078 seiner
870 2055 995 2078 neuen
1020 2045 1121 2078 Fran
1146 2045 1312 2079 Publilia
1347 2047 1442 2080 oder
1466 2045 1572 2081 aeine

103 2092 255 2127 H'dndel
281 2093 352 2126 mit
379 2093 449 2127 der
475 2098 602 2127 ersten
629 2094 731 2127 Frau
757 2091 953 2126 Terentia.

200 2168 232 2198 1.
286 2165 515 2199 Tironem...
531 2167 691 2205 verebar,
718 2167 808 2211 quia
834 2169 1113 2213 aegrotaverat.
1139 2163 1225 2199 Vid.
1240 2177 1297 2212 ep.
1319 2162 1517 2206 DLXX1X‚
1537 2168 1570 2202 2.

103 2231 148 2237 ——
176 2213 314 2253 Nicias,
370 2214 617 2248 rammaticus
645 2215 726 2255 ille,
755 2215 800 2248 de
828 2225 902 2258 quo
929 2224 1041 2257 supra
1064 2224 1121 2257 ep.
1140 2215 1222 2253 544,
1240 2216 1274 2251 2.
1299 2233 1348 2239 —
1376 2216 1572 2250 Valerium.

104 2259 317 2294 Entweder
377 2262 484 2295 ucius
508 2260 681 2296 Valerius
708 2262 1002 2296 iurisconsultus
1027 2263 1102 2305 (ep.
1124 2262 1224 2305 165.)
1251 2262 1344 2297 oder
1370 2262 1439 2296 der
1458 2261 1573 2296 Dich-

105 2313 166 2342 ter
191 2309 369 2348 Valerius
396 2308 569 2344 Catullus
595 2311 672 2355 (ep.
700 2312 800 2350 167.)
828 2310 922 2344 oder
948 2311 984 2344 P.
1011 2308 1197 2352 Valerius,
1233 2310 1308 2344 den
1336 2322 1380 2345 er
1404 2310 1573 2355 Philipp.

106 2355 136 2396 I,
163 2358 184 2390 3
211 2357 345 2391 §einen
373 2367 499 2391 comes
532 2363 568 2391 et
594 2357 802 2392 familiaris
838 2363 970 2392 neunt.
998 2377 1045 2382 —
1080 2371 1187 2403 quam
1213 2362 1245 2392 si
1271 2372 1362 2393 unus
1388 2371 1488 2398 esses,
1520 2358 1574 2392 als

106 2416 220 2438 wenn
255 2404 322 2438 ich
356 2404 596 2440 Niernanden
631 2406 690 2440 bei
726 2407 805 2439 mir
836 2404 940 2439 h'zitte
973 2415 1101 2438 ausser
1137 2405 1251 2440 Dich.
1296 2403 1390 2440 ΕΓΗ.
1418 2415 1516 2450 susp.
1543 2409 1576 2440 si

107 2457 148 2484 tu
174 2464 276 2486 unus.
292 2469 339 2477 —-
360 2467 382 2487 a
404 2454 584 2487 Peducaeo
610 2458 656 2488 st.
684 2455 810 2487 statim
836 2459 922 2498 post
948 2451 1163 2488 auctionem
1192 2453 1386 2488 Peducaei.
1425 2454 1458 2488 S.
1487 2462 1574 2486 zum

107 2501 231 2547 vorig.
257 2500 318 2534 Br.
346 2501 400 2534 im
425 2502 511 2535 Anf.
529 2521 575 2527 —
592 2502 724 2548 sigmf.
745 2503 890 2547 aliquid
908 2505 1019 2536 etiam
1045 2507 1139 2544 ante,
1167 2503 1227 2536 Du
1257 2502 1425 2547 sprichst
1450 2512 1574 2548 sogam

107 2548 162 2581 als
189 2549 235 2582 ob
263 2559 298 2582 es
327 2548 427 2583 noch
454 2549 548 2584 eher
573 2549 791 2599 geschehen
819 2548 958 2584 kenne.
990 2568 1027 2574 —
1057 2552 1098 2584 id
1122 2552 1265 2596 quidem
1301 2550 1427 2583 facies.

203 2609 236 2642 2.
287 2610 344 2643 De
372 2609 544 2655 Virgilio,
570 2611 637 2650 „in
663 2609 849 2643 Hinsicht
875 2609 940 2643 des
960 2607 1152 2658 Virgilius
1178 2610 1296 2643 bleibt
1323 2620 1359 2644 es
1386 2610 1443 2643 bei
1464 2609 1575 2650 Delu,

107 2666 184 2688 was
210 2656 270 2689 Du
298 2657 377 2690 mir
401 2657 651 2705 geschrieben
678 2657 802 2691 hast.“
853 2658 988 2692 Dieser
1013 2671 1096 2691 war
1123 2658 1232 2691 einer
1260 2658 1329 2691 der
1352 2656 1482 2692 Erben
1511 2657 1576 2691 des

109 2701 407 2748 Scapulaischen
434 2705 732 2741 Suburbanums.
781 2706 816 2740 S.
837 2717 893 2750 ep.
914 2705 1076 2740 DLXXI.
1105 2705 1337 2745 DLXV11,'1.
1364 2725 1410 2730 -—
1437 2707 1579 2751 quande

109 2754 232 2785 auctio
258 2752 460 2787 hortorum
488 2754 791 2799 Scapulanorum
821 2754 896 2789 fiat.
924 2773 967 2778 ——-
996 2756 1046 2786 ml
1071 2754 1269 2788 s'rwsarem.
1304 2753 1340 2787 S.
1365 2765 1423 2797 ep.
1443 2756 1524 2790 557,
1544 2756 1577 2788 2.

1190 2812 1277 2852 21*
