1795 3081
200 92 296 138 302
463 88 528 135 M.
565 84 617 132 Τ.
657 82 1004 135 CICERONIS
1042 82 1420 136 EPISTOLAE.

200 212 367 251 curiam
398 222 484 248 non
514 214 734 261 poteram:
779 207 1109 258 existimabam,
1147 205 1193 246 id
1217 206 1341 260 >quod
1370 212 1486 258 erat,
1515 215 1664 248 omnes

200 280 269 306 me
314 271 357 303 et
403 263 646 302 industriae
689 275 810 302 meae
853 264 1023 302 fructus
1069 271 1114 303 et
1158 266 1358 302 fortunae
1404 261 1665 316 perdidisse.

198 320 299 371 Sed,
331 333 466 373 quum
497 319 733 372 cogitarem
765 319 870 357 haec
900 319 1008 357 mihi
1040 325 1183 358 tecum
1214 323 1256 358 et
1284 331 1383 357 cum
1404 317 1665 371 quibusdam

199 390 292 416 esse
317 375 578 422 communia,
612 379 653 413 et
671 386 802 426 quum
831 375 1077 430 frangerem
1107 376 1194 412 iam
1223 375 1318 426 ipse
1347 387 1430 423 me,
1462 386 1665 427 cogerem

200 429 306 482 [que]
363 431 439 468 illa
484 430 602 468 ferre
653 430 912 469 toleranter:
970 429 1181 468 habebam
1228 441 1312 481 quo
1357 429 1663 484 confugerem,

198 488 276 526 ubi
306 486 686 538 conquiescerem,
737 485 862 522 cuius
892 486 938 522 111
968 497 1168 524 sermone
1199 489 1241 522 et
1271 485 1485 523 suavitate
1515 497 1663 522 omnes

199 555 328 581 curas
377 540 636 592 doloresque
685 537 962 592 deponerem.
1042 539 1174 578 Nunc
1223 545 1389 588 autem,
1444 539 1526 577 1100
1574 544 1664 578 tarn

198 598 326 653 gravi
366 596 570 643 vulnere,
625 595 755 632 etiam
792 594 896 644 illa,
938 608 1050 647 quae
1080 595 1356 633 consanuisse
1385 591 1665 640 videbantur,

197 651 526 691 recrudescunt.
558 649 660 688 Non
690 651 818 700 enim,
847 656 897 688 ut
926 655 1020 689 tum
1051 664 1120 689 me
1139 663 1163 688 a
1189 663 1237 689 re
1257 646 1434 702 publica
1454 655 1667 688 maestum

198 707 353 746 domus
385 706 648 759 excipiebat,
681 718 802 757 -quae
831 705 1020 745 levaret:
1068 707 1130 744 sic
1160 718 1278 743 nunc
1309 703 1436 743 domo
1467 717 1665 744 maerens

197 761 251 801 ad
281 776 375 801 rem
407 761 627 814 publicam
658 763 894 813 confugere
924 774 1125 813 possum,
1158 766 1209 798 ut
1238 759 1285 803 in
1315 761 1406 799 eius
1436 760 1564 799 bonis
1595 772 1665 798 ac-

197 819 433 870 quiescam.
492 816 642 868 Itaque
672 821 715 854 et
746 816 872 853 domo
904 817 1057 854 absum
1090 820 1133 854 et
1163 816 1282 864 foro,
1314 813 1427 868 quod
1457 827 1537 854 nec
1567 826 1666 852 eum

198 874 422 921 dolorem,
455 885 582 924 quem
614 885 636 909 a
669 883 717 909 re.
747 871 922 923 publica
954 872 1105 922 capio,
1142 869 1294 908 domus
1325 872 1411 908 iam
1444 870 1667 909 consolari

155 934 341 983 3potest
382 940 460 965 nec
502 926 788 974 domesticum
828 938 897 964 res
938 927 1129 978 publica.
1204 925 1299 977 Quo
1338 927 1476 979 magis
1516 932 1558 964 te
1595 938 1664 963 ex-

197 990 345 1037 specto
383 988 513 1034 teque
554 979 703 1020 videre
737 994 866 1033 quam
914 983 1110 1034 primum
1149 982 1294 1033 cupio.
1365 979 1515 1019 Rlaior
1555 981 1667 1018 mihi

196 1041 354 1079 levatio
384 1038 535 1075 afferri
564 1037 680 1074 nulla
711 1034 866 1088 potest,
900 1049 1029 1088 quam
1054 1037 1307 1074 coniunctio
1336 1034 1664 1074 consuetudinis

196 1106 532 1145 sermonumque
562 1098 839 1130 nostrorum:
885 1104 1146 1143 quamquam
1178 1091 1406 1143 sperabam
1435 1096 1560 1128 tuum
1591 1089 1665 1128 ad-

195 1155 373 1190 ventum
403 1169 457 1175 —-
501 1149 563 1186 sic
605 1149 722 1186 enim
767 1146 997 1185 audiebam
1026 1167 1081 1172 —
1129 1148 1497 1199 appropinquare.
1572 1145 1662 1200 Ego

194 1211 341 1244 autem
381 1216 514 1257 quum
554 1203 704 1240 multis
746 1200 798 1239 (10
838 1203 981 1241 causis
1024 1209 1067 1241 te
1111 1207 1266 1254 exopto
1307 1214 1434 1254 quam
1471 1201 1665 1254 primum

194 1259 368 1300 videre:
407 1266 498 1297 tum
529 1260 681 1303 etiam,
714 1264 763 1295 ut
793 1263 891 1296 ante
923 1264 1268 1296 commentemur
1299 1258 1417 1296 inter
1446 1269 1547 1304 nos,
1581 1269 1665 1308 qua

194 1317 365 1355 ratione
394 1315 522 1353 nobis
554 1312 872 1352 traducendum
902 1314 961 1350 sit
990 1312 1071 1351 hoc
1102 1318 1292 1365 tempus,
1339 1309 1457 1365 quod
1495 1317 1560 1350 est
1598 1318 1665 1351 to-

193 1378 288 1410 tum
328 1369 383 1408 ad
423 1370 552 1407 11111115
588 1370 855 1406 voluntatem
886 1365 1253 1406 accomodandum
1286 1373 1330 1406 et
1360 1364 1590 1419 prudentis
1621 1371 1666 1405 et

194 1427 390 1465 liberalis
421 1430 464 1463 et
485 1445 539 1449 —
561 1430 610 1461 ut
638 1424 915 1476 perspexisse
945 1422 1100 1461 videor
1121 1445 1167 1451 ——
1199 1436 1279 1461 nec
1309 1436 1332 1460 a
1363 1435 1431 1461 me
1461 1422 1593 1460 alieni
1623 1427 1666 1461 et

192 1483 276 1521 tibi
318 1479 585 1524 amicissimi.
618 1477 775 1530 *Quod
817 1492 952 1531 quum
989 1479 1050 1516 ita
1095 1480 1172 1528 sit,
1216 1491 1395 1533 magnae
1426 1483 1570 1516 tamen
1600 1483 1665 1515 est

193 1530 551 1580 deliberationis,
600 1547 708 1587 quae
740 1535 853 1572 ratio
885 1535 941 1572 sit
972 1533 1162 1572 ineunda
1192 1533 1343 1582 nobis,
1387 1540 1475 1571 non
1505 1529 1663 1585 agendi

192 1591 376 1645 aliquid,
408 1589 482 1629 sed
512 1591 633 1628 1111115
665 1602 873 1628 concessu
903 1595 945 1627 et
973 1590 1186 1628 beneficio
1218 1587 1486 1640 quiescendi.

192 1694 360 1729 nungen.
394 1699 440 1705 —
473 1683 660 1721 solatium,
695 1679 836 1712 Tullia.
873 1698 920 1702 —
963 1691 1043 1712 cum
1078 1681 1293 1724 quibasdam
1326 1681 1413 1712 aliis
1450 1678 1581 1711 Lamb.
1617 1697 1664 1702 —

192 1744 301 1779 quum
319 1730 540 1774 frangerem
567 1733 589 1763 ι’.
618 1731 694 1772 ipse
720 1740 792 1766 me,
821 1727 899 1759 und
926 1739 1043 1759 wann
1070 1727 1135 1759 ich
1164 1728 1243 1760 mir
1269 1727 1383 1760 selbst
1411 1727 1483 1760 mit
1511 1726 1666 1760 Gewalt

192 1779 321 1815 durch
348 1779 423 1811 den
451 1777 549 1811 Sinn
577 1776 682 1814 fnhr‚
712 1777 792 1807 mir
820 1776 893 1807 den
912 1775 1017 1819 Kopf
1042 1775 1172 1808 brach.
1224 1775 1272 1809 So
1301 1786 1358 1818 ep.
1388 1777 1470 1815 57³„
1497 1776 1540 1808 3:
1571 1785 1667 1811 con-,

191 1828 278 1862 tudi
309 1826 496 1859 animum.
527 1844 567 1849 —-
602 1823 878 1868 cogercmfflzer]
906 1822 979 1855 Md.
1008 1835 1179 1868 cogerem.
1209 1823 1315 1855 Hinc
1340 1835 1404 1867 que
1433 1823 1447 1866 [
1472 1822 1485 1865 ]
1516 1823 1589 1855 ΟΕ.
1616 1841 1664 1846 -

192 1877 416 1909 consenuisse
454 1884 542 1905 cum
571 1872 661 1906 Cdd.
691 1872 784 1915 aliq.
818 1873 919 1905 Crat.
946 1871 1085 1906 Bened.
1128 1874 1197 1903 csr.
1226 1871 1348 1904 Ros—tii
1376 1871 1476 1916 Sper.
1503 1873 1536 1913 li.
1563 1881 1600 1914 p.
1630 1873 1663 1906 3.

197 1925 270 1958 OR.
304 1941 345 1947 —
374 1922 526 1961 recrud„
554 1920 726 1953 brechen
754 1919 902 1953 wieder
930 1920 1007 1957 auf,
1035 1920 1183 1952 reissen
1211 1919 1359 1952 wieder
1384 1921 1460 1953 auf.
1486 1938 1531 1943 —
1559 1923 1600 1951 ut
1626 1922 1664 1952 in

194 1977 236 2007 ei.
265 1974 342 2005 hon.
371 1983 462 2015 aeq„
491 1969 570 2002 dass
598 1968 665 2001 ich
692 1968 793 2001 beim
826 1966 996 1999 Anblick
1024 1967 1130 2000 ihres
1156 1967 1436 2001 W'ohlstandes
1464 1966 1570 2000 mich
1597 1966 1669 2000 be-.

192 2020 364 2067 ruhigen
402 2018 564 2051 k'dnnte.
600 2035 647 2041 —
694 2030 729 2056 a,
765 2015 897 2048 Lamb.
924 2015 1172 2062 Mart.-Lag.
1201 2013 1289 2047 Sch.
1320 2014 1419 2048 Liin.
1457 2029 1472 2050 e
1500 2027 1538 2049 re
1560 2015 1662 2060 publ.

191 2069 287 2116 Vgl.
315 2079 371 2112 ep.
399 2068 482 2106 5'46,
508 2067 541 2099 2.
569 2066 651 2105 557,
678 2065 710 2099 2.

287 2131 320 2164 3.
371 2129 517 2161 levatio.
555 2124 620 2159 Sic
647 2125 744 2158 Vict.
772 2127 803 2158 1.
829 2125 862 2158 2.
890 2124 1017 2158 Lamb.
1046 2124 1183 2157 Graev.
1213 2123 1308 2158 Ern.
1336 2121 1423 2158 sch.
1453 2123 1549 2156 Liin.
1576 2124 1664 2157 alle-

191 2179 292 2212 vatio
318 2175 564 2220 Mart.-Lag.
600 2176 699 2206 ratio
726 2169 843 2214 affore
878 2172 963 2205 Asc.
995 2175 1026 2205 1.
1064 2172 1219 2215 (Neap.)
1258 2173 1358 2206 Crat.
1385 2171 1524 2204 Bened.
1566 2170 1660 2204 scil.

191 2225 267 2260 Md.
296 2229 498 2267 corrupte:
528 2224 650 2254 maior
675 2222 767 2254 mihi
792 2223 891 2254 ratio
917 2221 1011 2253 mihi
1036 2219 1197 2263 adferre.
1229 2221 1303 2253 OR.
1324 2238 1363 2245 —
1386 2222 1476 2252 coni.
1505 2225 1661 2254 consuet.

192 2273 261 2307 der
285 2270 537 2317 persiinliche
558 2270 742 2316 Umgang
769 2269 842 2302 mit
864 2268 953 2307 Dir;
982 2281 1083 2302 set-m.
1114 2274 1228 2302 nostr.
1255 2268 1334 2300 und
1362 2278 1499 2301 uns-ere
1518 2267 1659 2300 Unter-

191 2321 371 2366 haltung.
397 2338 444 2343 -—
471 2330 702 2363 quamquam,
732 2317 846 2350 ieden
870 2316 986 2358 Faus,
1018 2317 1155 2349 indess.
1187 2322 1220 2350 ct
1246 2320 1320 2349 iam
1347 2319 1422 2348 iam
1448 2327 1499 2359 sp.
1528 2315 1662 2349 Mart.-

193 2369 284 2415 Lag.
314 2368 414 2401 coni.
442 2365 531 2399 Sch.
570 2367 641 2399 OR.
668 2384 716 2389 —
758 2371 798 2397 at
824 2370 907 2398 ante
935 2377 1058 2397 comm.
1088 2367 1155 2397 int.
1185 2376 1272 2403 nos,
1321 2364 1442 2396 damit
1478 2363 1555 2396 wir
1591 2375 1663 2396 uns

193 2428 316 2450 zuvor
342 2414 508 2448 dariiber
534 2413 721 2447 beratheri
748 2413 916 2447 konnen.
943 2432 989 2437 -—
1015 2415 1138 2452 unius,
1167 2412 1350 2445 Caesaris.
1378 2431 1423 2435 —
1449 2423 1523 2452 nec,
1551 2411 1663 2444 einer

192 2465 304 2498 Seits.
332 2482 374 2488 —
411 2468 445 2495 et
473 2474 517 2495 =
543 2462 607 2495 sed
636 2461 772 2499 (ander
790 2460 889 2494 Seits
917 2461 1025 2502 aber)
1054 2463 1125 2493 tihi
1149 2462 1380 2501 amicissimi,
1408 2460 1498 2504 quia
1526 2458 1663 2492 consul

193 2512 393 2557 Sulpicius
414 2511 464 2543 Μ.
485 2509 673 2542 Marcello
698 2509 886 2555 collegae,
913 2508 1063 2542 Caesari
1089 2509 1156 2552 qui
1173 2509 1319 2542 Gallias
1340 2515 1428 2541 ante
1455 2508 1554 2541 diem
1585 2507 1662 2539 eri-

192 2572 288 2605 pere
316 2566 545 2598 conaretur,
594 2557 794 2590 restiterat
829 2556 1012 2600 pacisque
1042 2567 1195 2600 semper
1223 2562 1358 2589 auctor
1396 2557 1525 2589 suerat
1565 2554 1661 2595 (vid,

191 2620 249 2653 ep.
275 2608 314 2641 h.
342 2608 398 2641 ed.
426 2609 507 2642 365.
537 2608 636 2648 llssl).
665 2605 936 2638 Amicissimus
965 2605 1080 2637 etiam
1096 2604 1273 2648 Sulpicio
1293 2604 1440 2644 Caesar,
1468 2603 1558 2646 quia
1585 2602 1663 2636 suis

192 2657 234 2689 111
271 2655 474 2699 praesidiis
515 2655 593 2687 eius
637 2653 740 2685 filius
783 2653 895 2686 civili
935 2652 1037 2685 bello
1073 2654 1202 2685 fuerat
1251 2654 1300 2692 (v,
1348 2663 1407 2695 ep.
1446 2654 1525 2686 359.
1563 2652 1662 2690 363).

191 2704 378 2738 MANUT.
406 2723 451 2727 —
483 2704 588 2746 Quod
610 2714 718 2746 quum
745 2704 799 2734 ita
825 2705 888 2741 sit,
915 2706 1038 2733 tamen
1064 2711 1112 2731 z
1139 2699 1392 2745 gleichwohl.
1418 2718 1459 2724 -—
1489 2710 1661 2741 concessu,

192 2754 265 2787 mit
291 2753 422 2787 seium·
449 2750 698 2790 Erlau‘xnisffi
728 2747 839 2793 bemf.
871 2749 1208 2795 Vergiinstigung.
