1795 3081
532 43 856 95 EPISTOLA
898 43 1129 101 DXLIII.
1476 52 1572 102 265

111 170 307 213 conditio
336 170 497 226 placet,
535 166 611 209 sed
639 168 718 218 ita,
759 171 811 206 ut
838 173 1070 210 numerato
1100 168 1252 210 malim
1281 183 1411 224 quam
1441 174 1573 214 aesti-

108 230 313 270 matione.
391 224 680 277 voluptarias
735 223 853 260 enim
899 225 1193 275 possessiones
1242 228 1366 267 nolet
1418 226 1572 270 Silius.

109 282 414 336 Vectigalibus
453 286 600 319 autem
636 283 687 316 ut
722 277 778 316 iis
817 284 995 330 possum
1031 291 1123 319 esse
1164 289 1409 335 commum,
1458 298 1571 337 quae

108 337 264 387 habeo,
295 339 359 376 sic
387 338 463 376 vix
491 333 752 373 minoribus.
811 331 936 371 Unde
967 345 1074 387 ergo
1105 342 1367 377 numerato?
1404 339 1570 383 HS.nc,

109 395 326 446 exprimes
362 392 415 430 ab
446 390 743 444 Hermogene,
781 400 914 440 quum
952 392 1216 440 praesertim
1255 407 1428 433 necesse
1459 397 1568 434 erit:

108 454 152 488 et
191 447 310 486 domi
346 445 477 487 video
515 458 607 484 esse
636 442 797 482 Hanc.
856 443 1070 494 Reliquae
1109 449 1322 498 pecuniae
1360 450 1432 488 vel
1467 464 1570 488 usu-.

110 516 204 542 rani
233 501 346 542 Silio
378 500 630 554 pendemUS‚
671 497 773 544 dum
803 510 827 536 a
857 498 1042 537 Faberio
1080 501 1152 540 vel
1191 502 1243 541 ab
1287 504 1453 555 aliquo,
1494 506 1571 557 qui

109 558 292 599 Faberio
324 557 467 607 debet,
497 553 936 608 repraesentabimus,
995 554 1092 594 Erit
1121 558 1254 597 etiam
1289 559 1458 611 aliquid
1487 561 1571 601 ali-2

109 612 261 652 eunde.
325 611 411 651 Sed
446 609 586 655 totam
627 622 721 648 rem
758 615 808 648 tu
845 609 1121 663 gubernabis,
1188 612 1423 655 Drusianis
1459 613 1611 657 vero2

110 668 187 708 hos
216 668 360 710 hortis
392 667 532 712 multo
563 671 808 717 antepono:
852 676 993 716 neque
1032 673 1134 706 sunt
1167 681 1359 722 unquam
1395 684 1572 725 compa-

112 725 212 764 rati.
270 722 389 767 Mihi
420 720 565 771 crede,
595 733 682 758 una
712 732 780 758 me
812 731 941 757 causa
971 728 1134 772 movet,
1174 725 1220 762 in
1259 738 1343 777 qua
1378 728 1468 765 seio
1501 741 1571 769 me

107 778 406 833 τετυφῶσθαι.
462 775 564 826 Sed,
603 780 654 813 ut
682 775 805 824 facis,
842 775 1085 827 obsequere
1123 777 1229 817 huic
1266 782 1414 820 errori
1456 795 1568 827 meo.¹

107 832 218 873 Nam
249 831 366 884 quod
395 832 554 871 scribis
584 825 821 888 ἐγγήραμα,
861 835 1008 876 actum
1037 832 1124 874 iam
1154 832 1207 874 de
1235 835 1320 876 isto
1352 843 1440 877 est:
1482 839 1571 882 alia

105 889 241 944 magis
271 900 449 940 quaero.

135 1037 223 1074 ung.
265 1024 382 1058 Silius
423 1023 528 1056 hatte
567 1021 725 1064 erkl'ert,
768 1034 811 1056 er
841 1023 959 1057 wolle
994 1025 1057 1057 fiir
1092 1026 1221 1061 seinen
1249 1029 1348 1063 Park
1373 1032 1572 1066 entweder

108 1036 234 1107 {aares
262 1073 360 1107 Geld
395 1072 488 1106 oder
515 1071 577 1104 ein
602 1070 754 1104 vorher·
774 1070 1054 1117 abgeschatztes
1076 1073 1326 1111 Grundstiick
1352 1078 1415 1112 des
1434 1080 1570 1115 Cicero

107 1119 240 1161 haben.
278 1140 321 1145 -
367 1125 408 1152 ut
432 1131 526 1158 uum.
555 1120 641 1152 mal.
670 1132 702 1164 (J.
731 1123 833 1159 aest„
873 1119 954 1152 dass
993 1120 1060 1154 ich
1102 1122 1174 1156 den
1212 1125 1310 1158 Park
1343 1126 1465 1160 lieber
1500 1128 1571 1161 mit

107 1168 255 1202 baarem
283 1168 404 1202 Gelde
431 1166 632 1207 bezahlen,
660 1166 714 1199 als
740 1166 911 1214 dag-egen
933 1166 994 1201 ein
1013 1169 1297 1216 abgesch'citztes
1321 1173 1570 1209 Grundstiick

109 1215 365 1257 vertauschen
400 1214 568 1250 m'ochte.
604 1233 652 1239 -
685 1216 931 1260 voluptarias,
974 1215 1034 1249 die
1072 1217 1170 1252 bloss
1208 1231 1297 1253 zum
1336 1222 1571 1270 I'ergniigen

109 1265 262 1301 dienen.
286 1283 333 1289 -—
364 1265 797 1308 Vectigal...minoril1us.
851 1262 1050 1311 Significat
1075 1278 1112 1299 se
1140 1278 1185 1305 ex
1210 1262 1460 1315 vectigalibus
1486 1271 1511 1304 i.
1536 1282 1568 1306 e.

108 1312 292 1346 reditibus
321 1318 358 1346 et
384 1311 572 1344 fructibus
598 1310 846 1355 praediorum
880 1322 1036 1344 suorum
1065 1314 1166 1347 nihil
1194 1315 1411 1360 dependere
1436 1329 1567 1363 posse3

107 1360 220 1403 quod,
247 1360 395 1393 etiamsi
421 1359 467 1391 iis
494 1363 695 1391 contentus
723 1369 799 1391 esse
826 1359 956 1402 possit,
984 1365 1025 1391 ut
1051 1360 1186 1395 habeat
1212 1363 1253 1396 in
1280 1371 1472 1411 sumptum
1501 1367 1570 1400 do-

106 1407 321 1448 mesticum,
356 1412 483 1440 tamen
511 1416 571 1441 eos
597 1406 663 1445 vix
690 1405 909 1440 diminuere
944 1407 1077 1440 liceat:
1107 1409 1236 1453 itaque
1270 1413 1372 1450 alies
1398 1414 1568 1448 rationes

107 1456 292 1499 pecuniae
319 1453 579 1488 conficiendae
607 1453 972 1497 circumspiciendas
1000 1467 1088 1496 esse.
1131 1459 1233 1491 SCH.
1271 1460 1362 1507 Vgl.
1399 1473 1455 1506 ep.
1483 1465 1567 1505 541,

105 1504 129 1538 3
153 1514 278 1551 gegen
304 1502 424 1537 Ende.
460 1504 541 1542 5'40,
567 1505 600 1536 3.
630 1520 671 1526 —
699 1507 739 1534 ut
763 1504 820 1534 iis.
849 1501 912 1534 sic
939 1504 1082 1546 scripsi.
1111 1506 1167 1539 his
1195 1507 1288 1540 Cett.
1309 1510 1382 1547 ORP
1407 1528 1452 1533 —-
1478 1512 1569 1544 unde

110 1563 196 1596 ergo
222 1563 334 1592 num„
371 1551 460 1583 aber
485 1548 620 1583 woher
654 1549 756 1582 denn
781 1560 861 1581 nun
888 1549 976 1581 baar
1002 1551 1102 1585 Geld
1137 1553 1336 1589 nehmen?
1372 1562 1472 1605 sagst
1496 1559 1569 1594 Du.

105 1614 149 1623 -
171 1600 323 1633 HS.DC.
358 1608 407 1629 ’Ξ
439 1600 570 1637 60,00[)
596 1596 805 1630 Sestertien
836 1605 886 1627 ’.Ξ
918 1599 1049 1638 60,ΟΟΟ
1084 1601 1188 1635 Flor.
1226 1621 1272 1627 —-
1329 1605 1569 1651 Hermogene,

109 1646 233 1680 einem
261 1645 538 1686 Geldh'andler‚
567 1645 646 1686 der,
673 1645 750 1678 wie
777 1655 814 1678 es
840 1644 1006 1687 scheint,
1039 1648 1122 1688 eine
1149 1649 1432 1689 betr'a'chtliche
1459 1654 1569 1688 Sume

106 1704 167 1728 me
193 1704 271 1727 von
299 1694 434 1727 Cicero
462 1694 500 1726 in
527 1692 688 1726 Handen
714 1692 830 1726 hatte.
858 1692 1113 1740 Vgl.ep.549.
1145 1697 1271 1732 Wohl
1297 1700 1468 1736 derselbe
1496 1703 1569 1735 mit

107 1742 368 1789 Hermogenes
395 1741 550 1775 Clodius
578 1752 634 1785 ep.
661 1743 743 1775 616.
769 1758 816 1765 —
843 1741 927 1773 dum
950 1756 971 1775 α
993 1745 1212 1779 Faberio...
1229 1755 1450 1793 repraesent.
1476 1749 1568 1783 Sen-

107 1800 186 1822 sus:
216 1791 404 1834 tantisper
427 1800 498 1834 pro
526 1800 568 1829 ea
593 1793 703 1833 parte
729 1787 928 1832 pecuniae,
957 1801 1069 1834 quam
1089 1793 1217 1827 statim
1234 1795 1331 1829 Silio
1360 1809 1567 1835 numerare

105 1847 182 1869 non
207 1837 373 1881 possum,
411 1848 542 1869 usuras
569 1837 605 1870 ei
631 1835 810 1879 pendam,
847 1835 969 1871 donec
996 1841 1060 1873 vel
1088 1841 1132 1874 de
1161 1853 1214 1882 eo,
1256 1844 1356 1887 quod
1381 1845 1566 1879 Faberius

104 1884 201 1917 mihi
228 1885 348 1925 debet,
375 1885 438 1918 vel
465 1885 510 1918 de
534 1884 714 1930 pecunia,
752 1894 866 1926 quam
894 1885 991 1920 alius
1026 1888 1060 1921 ei
1097 1889 1219 1932 debet,
1260 1892 1362 1931 mihi
1395 1893 1567 1939 delegata

105 1933 377 1979 (angewiesen)
404 1933 555 1966 solvere
581 1931 733 1977 possim·
762 1932 864 1964 SCH.
899 1933 1026 1969 Ueber
1053 1937 1234 1972 Faberius
1261 1952 1288 1973 s.
1313 1951 1369 1984 ep,
1387 1940 1431 1973 ad
1446 1941 1564 1976 Attio.

103 1979 188 2020 ΧΠ,
215 1982 270 2016 29.
300 1984 358 2017 31.
384 1982 440 2015 51.
477 1981 582 2020 XIII,
610 1981 643 2013 2.
671 1981 790 2033 8..29.
817 1981 875 2019 30.
902 1984 960 2017 33.
1008 1983 1084 2023 XV,
1113 1988 1168 2020 13.
1204 2005 1252 2018 —-
1290 1990 1471 2028 alicunde,
1501 2000 1567 2021 an·

104 2026 325 2062 derswoher
350 2040 397 2061 zu
423 2028 649 2062 bekommen
675 2038 768 2060 sein.

193 2102 228 2135 2.
279 2102 479 2134 Drusianis
505 2102 698 2140 (Drusim's
724 2102 859 2144 ‚‚Alii«
885 2102 925 2135 in
951 2114 1000 2142 m.
1029 2105 1163 2146 1584).
1200 2105 1235 2142 S.
1264 2118 1321 2151 ep.
1349 2108 1432 2149 541,
1459 2110 1493 2144 3.
1518 2125 1568 2133 -—

103 2151 322 2193 comparati,
358 2149 412 2182 sie
437 2159 568 2185 waren
605 2150 667 2183 nie
701 2151 771 2183 mit
798 2150 986 2184 einander
1025 2164 1072 2184 zu
1111 2154 1378 2199 vergleichen.
1413 2175 1460 2180 —
1493 2167 1567 2190 una

102 2209 157 2229 me
191 2209 297 2230 causa
335 2201 452 2230 movet
490 2196 536 2229 ad
575 2196 707 2233 hortos
745 2198 938 2239 emendos,
982 2198 1022 2232 in
1063 2211 1136 2243 qua
1170 2202 1245 2236 scio
1282 2214 1343 2237 me
1383 2203 1566 2245 insanire,

104 2254 236 2288 nempe
263 2249 305 2277 ut
330 2245 460 2278 locum
486 2244 643 2280 habeam
670 2247 756 2282 fano
783 2246 934 2280 Tulliae
971 2249 1202 2283 exstruendo
1236 2250 1426 2288 idoneum.
1478 2251 1565 2293 Sed,

103 2296 147 2324 ut
172 2292 274 2333 facis,
303 2292 511 2336 obsequere
538 2292 615 2331 (Du
640 2294 751 2328 wirst
778 2294 1017 2341 nachgeben)
1044 2295 1135 2328 huie
1162 2299 1287 2331 errori
1316 2311 1414 2333 meo.
1466 2300 1564 2333 Nam

104 2339 205 2382 quod
231 2340 360 2372 scribis
386 2338 570 2387 ἐγγήραμα
596 2341 622 2379 i.
651 2353 681 2381 6,,
708 2342 838 2375 locum
866 2342 963 2376 mihi
999 2345 1258 2386 quaerendum
1287 2359 1378 2389 esse,
1418 2347 1482 2383 ubi
1509 2358 1566 2380 se-

104 2391 296 2421 nectutem
323 2388 491 2421 suaviter
517 2393 553 2421 et
580 2389 709 2432 quiete
735 2390 874 2435 possim
902 2391 1126 2438 transigere,
1154 2398 1280 2426 actum
1314 2395 1389 2427 iam
1419 2394 1464 2428 de
1490 2394 1563 2427 isto

104 2439 156 2468 est
184 2434 205 2467 i.
234 2447 262 2469 e.
291 2435 335 2468 de
361 2436 434 2468 hoc
462 2448 537 2469 non
564 2437 725 2480 amplius
753 2437 901 2484 cogito;
928 2438 1004 2471 alia
1031 2440 1150 2485 magis
1178 2452 1329 2483 quaero.
1358 2443 1460 2476 SCH.
1489 2441 1512 2474 i.
1531 2453 1565 2476 e.

102 2482 247 2519 caelum
275 2489 422 2527 appeto.
476 2485 570 2516 Nam
598 2485 779 2523 Tulliam,
808 2483 1004 2531 ἐγγήραμα,
1032 2487 1094 2521 ubi
1112 2489 1411 2530 acquiescebam,
1438 2489 1560 2530 amisi.

101 2528 185 2562 Vid.
212 2541 268 2574 ep.
297 2532 379 2570 5⁷46,
406 2533 438 2564 2.
466 2534 546 2572 5247,
573 2534 596 2565 2
622 2532 798 2577 ἐντάφιον.
826 2531 908 2574 533,
938 2538 954 2567 1
984 2546 1070 2582 geg.
1098 2535 1219 2575 Ende,
1261 2538 1350 2571 Ueb.
1378 2536 1564 2585 §yyvy'pcgua

102 2590 130 2611 s.
158 2576 205 2610 ad
229 2578 342 2612 Attio.
369 2578 452 2619 XII,
478 2581 535 2621 4⁷4,
562 2582 586 2617 2
611 2580 666 2621 (h.
695 2580 750 2613 ed.
779 2582 893 2622 574).
