1795 3081
500 32 816 83 EPISTOLA
849 33 1024 82 DCIll.
1070 33 1245 84 DCIV.
1467 35 1562 81 361

96 160 134 198 si
167 158 329 198 Brutus
359 156 466 211 quid
496 158 654 213 egerit,
700 157 831 196 etiam
861 156 898 195 si
927 157 1230 206 constituerit,
1281 153 1454 209 quando
1485 157 1563 196 ob-

94 216 237 255 viam:
283 212 495 267 quidquid
538 211 722 265 denique
765 212 876 260 erit,
919 209 1034 263 quod
1076 213 1192 251 scire
1233 224 1302 250 me
1347 217 1561 265 oporteat,

94 269 272 308 scribes.
343 269 559 317 Pisonem,
604 269 641 306 si
677 267 861 319 poteris,
906 268 1153 306 convenies.
1225 265 1389 318 Vides,
1432 280 1562 323 quam

93 330 314 363 maturum
342 325 414 364 sit.
472 321 559 362 Sed
587 328 753 371 tamen,
784 320 901 374 quod
930 321 1156 361 commodo
1187 327 1263 362 tuo
1292 321 1383 363 fiat.

267 490 587 540 EPISTOLA
622 491 799 541 DCIV.
859 489 942 549 (ad
978 491 1079 538 Att.
1115 491 1240 540 XIII.
1278 494 1377 553 12.)

176 581 259 618 scr.
288 582 330 615 in
354 579 537 625 Arpinati
564 579 625 615 lx,
653 580 735 615 Kal.
764 578 902 614 sextu.
930 578 971 617 A.
1000 579 1047 613 U.
1076 580 1114 619 c,
1143 583 1224 616 709.
1264 582 1310 625 (a.
1339 582 1378 616 G.
1404 583 1480 625 45.)

94 653 150 687 De
177 654 327 687 Atticae
353 651 591 687 valetudine.
620 655 652 685 1.
690 652 735 685 de
772 653 946 686 oratione
974 653 1196 699 Ligariana.
1230 655 1264 687 2.
1303 654 1348 687 de
1375 655 1487 687 libris
1513 654 1560 688 ad

117 701 340 739 Varronem
367 700 588 734 scribendis.
614 702 650 735 3.
679 700 964 782 dehBrinniZna
990 701 1190 743 auctione5
1219 702 1264 736 de
1290 701 1517 747 Scapulanis

757 755 862 782 ortis.
917 773 925 783 .

601 820 781 855 CICERO
808 820 988 856 ATTICO
1015 821 1050 855 S.

201 892 344 934 Valde
366 908 434 934 me
454 892 789 934 momorderunt
808 895 1019 948 epistolae
1045 902 1146 935 tuae
1166 894 1218 935 de
1228 895 1373 936 Attica
1391 902 1559 937 nostra:

95 948 271 990 eaedem
300 956 445 990 tamen
474 956 750 990 sanaverunt.
784 949 909 1001 Quod
939 952 1052 989 enim
1084 957 1125 990 te
1157 953 1250 1004 ipse
1279 954 1562 991 consolabare

94 1004 257 1046 eisdem
294 1007 461 1056 literis,
520 1004 566 1043 id
603 1005 713 1043 mihi
753 1011 847 1044 erat
889 1007 992 1044 satis
1022 1007 1200 1045 firmum
1231 1007 1284 1046 ad
1314 1007 1561 1047 leniendam

93 1059 426 1113 aegritudinem.
497 1061 780 1113 Ligarianam
807 1062 1034 1113 praeclare
1063 1061 1314 1101 vendidisti.
1379 1062 1603 1102 PosthacZ

94 1114 311 1168 quidquid
330 1117 566 1168 scripsero,
601 1115 684 1153 tibi
709 1116 995 1168 praeconium
1014 1115 1219 1155 deferam.
1253 1117 1380 1169 Quod
1410 1118 1464 1157 ad
1493 1125 1605 1165 me3

94 1171 148 1210 de
177 1171 382 1211 Varrone
411 1171 590 1219 scribis,
628 1170 710 1208 scis
740 1183 808 1210 me
838 1176 937 1209 ante
966 1173 1183 1210 orationes
1215 1178 1290 1211 aut
1319 1173 1488 1226 aliquid
1516 1173 1564 1212 id

93 1239 230 1280 genus
271 1226 449 1265 solitum
490 1226 709 1275 scribere,
750 1231 799 1264 ut
836 1226 1088 1266 Varronem
1131 1241 1348 1280 nusquam
1392 1242 1564 1281 possem

94 1283 306 1320 intexere.
364 1281 518 1320 Postea
559 1287 705 1320 autern
746 1294 875 1334 quam
912 1282 1018 1320 haec
1049 1285 1175 1335 coepi
1213 1278 1564 1339 φιλολογώτερα,

94 1338 183 1375 iam
212 1335 360 1375 Varro
401 1337 509 1375 mihi
550 1337 885 1376 denuntiaverat
922 1349 1121 1390 magnam
1159 1351 1262 1376 sane
1300 1344 1342 1377 et
1381 1351 1564 1394 gravem

95 1385 419 1446 προςφώνησιν.
451 1391 683 1430 Biennium
710 1394 956 1444 praeteriit,
989 1406 1125 1444 quum
1156 1393 1232 1432 ille
1248 1390 1567 1448 Καλλιππίδης

95 1481 191 1520 DCI.
217 1484 250 1516 2.
270 1500 317 1506 —
343 1483 484 1515 obviam
511 1481 636 1515 iturus
663 1482 713 1516 sit
739 1483 878 1515 Brutus
903 1482 1056 1516 Caesari
1084 1494 1130 1516 ex
1154 1483 1340 1527 Hispania
1367 1484 1565 1518 redeunti.

95 1546 139 1554 —-
189 1529 354 1563 Pisonem
378 1556 386 1563 .
418 1554 426 1562 .
454 1556 461 1563 .
489 1533 693 1570 convenies,
739 1530 871 1574 sprich
910 1531 984 1563 mit
1021 1531 1118 1564 Piso.
1168 1530 1203 1565 S.
1242 1542 1301 1575 ep.
1336 1531 1491 1573 DXCV‚
1527 1533 1563 1569 2.

96 1576 266 1617 DXCIV,
294 1580 324 1612 1.
343 1596 389 1601 —
415 1589 523 1622 quam
549 1584 736 1611 maturum
761 1582 821 1618 sit,
848 1578 923 1612 wie
946 1577 1046 1611 hohe
1059 1579 1144 1611 Zeit
1164 1589 1200 1611 es
1230 1577 1292 1618 ist,
1320 1579 1404 1612 scil.
1431 1579 1565 1614 hortos

99 1636 239 1658 emere.
293 1625 405 1658 Denn
440 1626 510 1659 der
534 1626 788 1671 Auctionstag
823 1625 891 1659 der
916 1626 1220 1671 Scapulaischen
1248 1626 1392 1660 G‘airten
1426 1626 1565 1661 nahete

95 1671 234 1708 heran.
271 1674 440 1720 Anfangs
466 1685 549 1707 war
575 1674 644 1707 der
671 1676 725 1708 15.
747 1674 870 1706 Iulius
897 1674 991 1706 dazu
1018 1680 1227 1720 angesetzt.
1263 1673 1296 1708 S.
1319 1685 1376 1718 ep.
1391 1674 1565 1716 DXCIII,

100 1722 143 1755 4:
172 1720 306 1754 Facies
333 1733 395 1754 me
423 1721 550 1767 igitur
577 1722 785 1755 certiorem
815 1722 860 1754 de
885 1722 1081 1756 Idibus.—
1107 1723 1205 1767 quod
1229 1747 1237 1755 .
1264 1748 1272 1756 .
1289 1722 1377 1766 fiat,
1405 1733 1443 1756 so
1470 1723 1567 1758 weit

101 1779 138 1802 es
165 1768 238 1802 mit
263 1769 411 1801 Deiner
436 1769 778 1812 Bequemliehkeit
803 1769 1025 1815 geschehen
1052 1770 1168 1803 kann.

196 1819 228 1850 1.
277 1818 564 1856 momorderunt,
609 1817 736 1850 haben
774 1818 853 1850 mir
887 1829 948 1850 am
984 1818 1140 1851 Herzen
1177 1824 1343 1865 genagt;
1388 1817 1467 1852 wie
1502 1818 1566 1852 die

100 1863 300 1897 Griechen
327 1865 392 1898 ihr
418 1864 557 1899 δάκι-ειυ
583 1865 841 1912 gebrauchen.
857 1883 901 1889 ——
918 1867 957 1899 cle
972 1868 1109 1900 Attica.
1137 1866 1200 1899 Sie
1216 1878 1297 1898 war
1318 1866 1396 1898 also
1419 1866 1566 1900 wieder

101 1922 177 1944 von
204 1912 315 1945 ihrer
326 1913 548 1947 Krankheit
569 1913 800 1946 schlinnner
825 1913 1007 1947 befallen.
1036 1913 1071 1947 S.
1092 1925 1148 1958 ep.
1168 1915 1250 1955 587,
1268 1915 1291 1948 2
1312 1925 1371 1946 am
1385 1913 1566 1948 Ende.—

99 1963 192 1993 satis
207 1961 380 2005 firmum,
410 1962 473 1994 ein
502 1960 690 1995 ziemlich
717 1961 910 2008 kr'a'ftiger
937 1962 1085 1995 Grund.

196 2011 230 2044 2.
278 2009 523 2053 Ligarianam
551 2008 779 2048 orationem,
807 2010 937 2043 meine
965 2010 1064 2043 Rede
1091 2011 1156 2042 fiir
1183 2009 1255 2042 den
1282 2009 1475 2057 Ligarius.
1526 2010 1564 2046 S.

101 2068 150 2090 zu
178 2067 236 2101 ep.
263 2059 333 2092 465
360 2058 412 2090 im
441 2058 526 2091 Anf.
555 2070 589 2090 u.
617 2059 699 2091 475.
726 2070 760 2090 u.
788 2059 870 2098 611,
897 2059 929 2092 2.
957 2077 1004 2082 -—
1031 2058 1226 2092 vendidisti
1250 2067 1297 2089 Ξ
1322 2064 1566 2102 ausposaunt,

102 2106 365 2151 angepriesen.
417 2105 464 2139 So
492 2105 664 2139 Iuvenal.
694 2105 744 2145 ΙΙ,
774 2107 860 2139 135:
893 2118 1069 2150 purpura
1095 2105 1227 2139 vendit
1254 2106 1492 2139 causidicum
1518 2118 1567 2140 ε.-

104 2152 348 2195 empfiehlt.“
400 2154 476 2186 Hic
513 2164 665 2197 quoque
701 2154 912 2199 legendum
952 2155 1109 2188 videtur
1146 2153 1357 2195 venditasti3
1401 2155 1501 2198 quod
1530 2167 1565 2190 v.

103 2199 231 2232 ubivis
263 2208 491 2245 corruptum
521 2208 574 2234 est
600 2202 664 2235 vel
690 2201 730 2233 in
754 2201 939 2234 vindicare
974 2203 1038 2235 vel
1065 2203 1107 2234 in
1133 2203 1288 2235 vendere.
1329 2202 1458 2236 Semel
1491 2202 1568 2236 hoc

105 2246 328 2294 significatu
364 2255 419 2283 est
451 2250 598 2283 vendere
634 2249 674 2284 h.
700 2249 727 2282 l.
762 2250 861 2294 apud
897 2249 976 2284 Cic.
1019 2251 1092 2284 ΟΒ.
1123 2270 1165 2276 —
1207 2253 1464 2296 Praeconium,
1505 2250 1568 2285 das

104 2295 382 2331 Ausruferamt.

201 2345 233 2378 3.
286 2350 370 2378 ante
394 2355 443 2375 :-
469 2350 597 2385 antea,
626 2345 799 2379 ehedem.
826 2363 873 2369 —
909 2347 951 2378 z‘cZ
971 2357 1098 2391 gemes,
1127 2345 1196 2378 der
1220 2346 1303 2379 Art.
1353 2345 1387 2380 S.
1414 2346 1568 2381 Ramsh.

107 2391 134 2434 ξ.
162 2392 242 2431 132,
269 2394 302 2430 5,
330 2411 375 2416 -
407 2396 576 2434 intexere,
607 2393 821 2427 einweben.
861 2391 896 2425 S.
926 2405 981 2439 ep.
1008 2395 1089 2433 4:16,
1116 2395 1150 2427 5.
1173 2412 1221 2417 —
1255 2396 1439 2439 φιλολογ.,
1467 2395 1569 2429 diese.

110 2438 224 2471 mehr
261 2440 534 2474 literarischen
572 2442 748 2479 WVerke3
796 2440 1028 2480 eruditioni,
1081 2441 1284 2474 subtiliora
1322 2441 1347 2475 i.
1384 2453 1413 2475 e.
1449 2442 1568 2476 libros

110 2485 414 2531 philosophicos,
442 2490 508 2530 qui
529 2496 783 2534 opponuntur
808 2489 1060 2529 orationibus,
1089 2500 1184 2532 quae
1212 2495 1299 2522 sunt
1325 2490 1570 2534 populariter

110 2535 290 2578 scriptae.
316 2534 538 2571 ERNESTI.
563 2556 603 2562 -
631 2548 804 2581 magnam
829 2564 837 2572 .
866 2564 873 2571 .
902 2563 908 2569 .
936 2533 1192 2582 προςφώιησιν,
1222 2538 1570 2581 nuncupationem,

112 2581 158 2614 da
192 2582 299 2616 hatte
337 2583 415 2615 mir
443 2585 563 2618 Varro
599 2585 664 2618 ein
700 2586 742 2617 in
778 2583 847 2619 der
881 2585 982 2618 That
1020 2596 1165 2632 grosses
1200 2583 1280 2616 und
1313 2584 1569 2620 bedeutendes

112 2629 242 2663 VVerk
268 2630 555 2679 angekiindigt,
601 2633 663 2665 das
699 2644 742 2666 er
780 2634 858 2667 mir
894 2635 1139 2680 zuzueignen
1172 2631 1371 2679 gedachte.
1423 2633 1571 2668 Wahr-

113 2675 333 2711 scheinlich
359 2679 462 2714 aeine
489 2680 608 2715 libros
634 2681 679 2715 de
697 2680 849 2728 Lingua
869 2681 1017 2716 Latina.
1032 2699 1079 2706 —-
1104 2692 1212 2725 quum
1229 2690 1277 2712 =
1294 2691 1371 2725 quo
1396 2680 1569 2716 biennio.
