1795 3081
459 85 772 137 EPISTOLA
820 86 1167 139 CCCCXL1V⁴
1481 95 1542 140 81

91 214 237 248 autem
281 218 366 246 non
407 220 466 256 οε,
506 205 591 246 τῶν
620 202 844 248 ἀδυνάτων
874 214 939 247 est.
964 215 1008 247 te
1035 211 1201 249 venire.
1265 207 1395 248 Nunc
1426 208 1545 260 vide,

89 271 191 303 utra
230 269 272 302 te
309 259 454 317 κρίσις
490 263 627 300 matris
673 261 877 314 delectet,
920 260 1283 318 Χρυσιππείαηθ,
1329 277 1383 303 an
1421 263 1546 316 haec,

89 331 218 370 quam
266 323 416 356 noster
461 293 679 355 Diocfotus
721 330 808 356 non
855 316 1168 369 concoquebat.
1251 315 1337 358 Sed
1384 317 1438 358 de
1478 319 1546 358 his

30 404 32 424 z
90 375 222 413 etiam
262 372 407 421 rebus,
450 370 581 409 otiosi
620 383 752 423 quum
783 374 959 417 erimus,
1004 373 1256 424 loquemur:
1299 374 1383 412 hoc
1412 375 1546 413 etiam

92 427 202 469 κατὰ
233 423 501 481 Χρύσιππον
539 424 721 467 δυνατὸν
762 434 839 468 est.
919 427 984 465 De
1023 425 1177 467 Coctio
1217 429 1327 466 mihi
1370 435 1546 484 gratum

92 490 182 524 est:
228 495 327 521 nam
365 479 410 519 id
448 482 578 520 etiam
609 481 757 520 Attico
796 482 1064 522 mandaram.
1124 482 1196 521 Tu
1235 484 1270 520 si
1309 485 1452 522 minus
1491 483 1548 523 ad

28 537 31 588 j
90 552 194 633 ἓοες
226 548 506 630 acc111rlremus
536 534 591 574 ad
620 542 676 576 te.
735 535 783 576 Si
813 538 992 577 hortum
1023 539 1068 576 in
1099 533 1370 577 bibliotheca
1399 534 1548 590 habes,

122 594 233 634 eerit
261 592 355 630 1ιίιί
376 620 386 630 .

207 714 526 779 EIPISTOLA
562 729 910 779 cecchlv.
965 723 1046 789 (ad
1082 726 1184 779 Au.
1221 731 1332 778 X11.
1368 723 1436 788 3.)

180 820 261 855 scr.
290 819 331 852 in
356 817 572 852 Tusculano
600 827 732 853 mense
758 819 870 853 lunio
897 818 938 852 A.
967 818 1008 854 U.
1040 817 1079 853 c.
1107 818 1188 854 708.
1235 821 1285 860 (a.-
1314 818 1353 852 c.
1381 820 1460 860 46.)

143 893 198 927 De
224 891 344 924 tribus
369 887 553 935 pecuniae
579 900 599 922 a
625 889 780 925 Metone
812 890 1020 939 exigendae
1047 889 1345 924 conditionibus.
1382 890 1504 924 1-2,

591 958 772 994 CICERO
805 960 984 996 ATTICO
1020 957 1056 995 S.

207 1033 351 1074 Unum
379 1036 423 1072 te
452 1037 559 1086 puto
590 1033 733 1070 minus
763 1031 972 1071 blandum
1003 1046 1093 1073 esse
1123 1042 1251 1085 quam
1281 1045 1378 1081 1ne3
1416 1030 1474 1084 est,
1518 1031 1556 1071 si

97 1097 284 1143 uterque
324 1090 523 1127 nostrflm
565 1093 630 1126 est
669 1086 905 1139 aliquando
948 1086 1157 1128 adversus
1194 1089 1400 1140 aliquem,
1438 1089 1558 1126 inter
1616 1092 1623 1097 ”

99 1159 178 1185 nos
209 1149 328 1184 certe
357 1155 579 1196 nunquam
608 1155 765 1182 sumus.
823 1141 939 1181 Audi
969 1143 1110 1199 igitur
1139 1155 1208 1182 me
1237 1143 1320 1182 hoc
1351 1137 1559 1198 ἇγοητεύ·

99 1215 185 1249 τως
213 1199 454 1239 dicentem:
494 1211 548 1237 ne
574 1199 738 1248 vivam,
777 1197 840 1235 mi
874 1196 1033 1246 Attice,
1077 1198 1115 1238 si
1150 1195 1261 1237 mihi
1300 1210 1388 1236 non
1426 1194 1559 1236 modo

95 1278 173 1286 5——0

103 1312 315 1353 wirklich‚
343 1311 453 1344 aber:
488 1309 617 1344 Etwas
644 1310 772 1345 k‘o'nne
798 1309 890 1344 sehr
913 1310 1020 1345 wohl
1047 1308 1223 1358 mb‘glich
1254 1307 1349 1350 seim
1381 1320 1498 1343 wenn
1523 1318 1562 1342 es

106 1359 239 1417 gleich
278 1359 341 1392 nie
379 1354 594 1404 geschehe:
641 1358 742 1391 nach
774 1358 921 1392 Diodor
960 1359 1046 1393 dem
1080 1357 1328 1391 Dialektiker
1366 1356 1564 1403 hingegen

106 1419 221 1448 ware,
247 1406 340 1441 VVas
367 1406 432 1439 nie
459 1400 626 1452 geschah
650 1405 753 1439 noch
786 1405 1007 1453 geschehen
1046 1405 1161 1446 wird‚
1201 1405 1296 1438 eben
1329 1404 1465 1437 darum
1491 1416 1564 1437 un-

107 1454 307 1504 m'dglich3
335 1453 431 1488 WVas
455 1449 641 1486 wirklich
667 1452 887 1500 geschehen
910 1453 1055 1495 werde,
1083 1453 1177 1486 eben
1205 1452 1337 1485 darum
1365 1451 1566 1486 nothwen-

108 1503 186 1551 dig.
238 1501 273 1536 S.
302 1501 427 1535 cicer.
455 1500 500 1534 de
527 1499 618 1534 Fato
647 1503 692 1534 1:
725 1502 776 1535 At
801 1500 878 1541 hoc,
905 1501 1044 1545 inquit,
1083 1502 1281 1546 Chrysippe
1307 1505 1377 1533 εἰει
1403 1500 1568 1533 Alexan-

109 1551 179 1585 der
203 1548 515 1594 Aphrodisiensis
542 1547 582 1580 in
608 1553 878 1581 commentar-r.
906 1546 947 1581 in
972 1548 1144 1593 primum
1179 1549 1246 1582 τῶν
1279 1549 1455 1593 προτέρων
1480 1545 1567 1581 ἀνα·

109 1600 266 1636 λυτικῶν-θ
317 1595 511 1629 Plutarch.
539 1595 581 1628 in
607 1593 696 1629 libr.
723 1593 887 1631 Στώϊκῶιι
911 1594 1185 1640 ἐναντιωμάτων.
1225 1613 1270 1620 -
1306 1607 1377 1628 non
1412 1607 1446 1628 es
1478 1606 1569 1628 ven-

108 1653 227 1680 turus.
278 1645 359 1678 1032»
390 1641 631 1678 ἀδυνάτων
664 1649 728 1685 est,
767 1654 806 1678 so
844 1642 986 1691 gehb‘rt
1025 1654 1062 1676 es
1100 1650 1147 1675 zu
1174 1639 1248 1676 den
1286 1640 1569 1690 unm‘dglichen

109 1694 271 1742 Dingen.
300 1709 347 1716 --
373 1694 548 1738 κρίσις,
577 1691 776 1733 sententia,
803 1690 1108 1738 Eutschefflung,
1136 1710 1181 1716 —
1209 1703 1256 1725 an
1281 1691 1368 1724 haec
1393 1688 1567 1724 Diodori.

110 1744 304 1781 Diodotus,
331 1739 493 1779 Stoicus,
519 1749 634 1783 quem
661 1739 798 1774 Cicero
824 1751 844 1772 a
869 1748 989 1784 puero
1016 1739 1234 1779 audiverat3
1262 1734 1329 1781 qui
1356 1735 1456 1782 apud
1483 1748 1570 1771 eum

111 1786 301 1824 habitavit
327 1793 364 1822 et
390 1788 431 1820 in
459 1787 537 1821 eius
563 1786 674 1820 domo
701 1793 872 1820 mortuus
899 1792 954 1821 est
987 1795 1150 1830 eumque
1185 1785 1369 1820 heredem
1396 1784 1568 1830 reliquit.

112 1839 211 1872 SCH.
251 1835 287 1871 S.
316 1847 373 1880 ep.
401 1838 458 1871 46.
486 1836 567 1870 555.
605 1834 718 1871 Acad.
746 1835 816 1877 IV,
842 1837 900 1870 36.
927 1834 1082 1868 Tuscul.
1111 1832 1160 1875 V,
1188 1836 1244 1869 39.
1285 1831 1423 1867 Brutus
1451 1844 1482 1867 c.
1510 1837 1569 1869 90.

111 1904 159 1911 -—
184 1888 238 1920 De
277 1885 402 1918 coctio
435 1884 526 1917 mihi
558 1889 709 1928 gratum
735 1888 798 1925 est,
836 1885 901 1916 fiir
925 1883 1008 1921 Das,
1042 1893 1118 1915 was
1144 1881 1203 1915 Du
1243 1881 1320 1914 mir'
1345 1892 1482 1929 wegen
1508 1881 1572 1915 des

113 1933 264 1968 Coctius
291 1930 465 1973 meldest‚
491 1931 560 1964 bin
586 1927 651 1964 ich
676 1930 747 1964 Dir
772 1931 862 1964 sehr
887 1929 1122 1964 verbunden.
1176 1930 1295 1962 Cestio
1322 1924 1422 1962 Crat.
1445 1927 1571 1962 Lamb.

115 1983 263 2015 Cocceio
297 1979 454 2014 Corrad⁶
489 1990 588 2023 susp.
623 1979 730 2023 prob.
766 1978 863 2011 Lau.
904 1978 1094 2013 ORELLI.
1152 1975 1296 2011 Forsan
1332 1976 1368 2010 le
1399 2001 1407 2009 .
1436 1977 1572 2011 Caelio.

116 2031 216 2064 SCH.
243 2047 288 2053 —
314 2026 365 2061 ad
387 2039 451 2061 nos
482 2026 592 2060 brevi
623 2026 897 2061 accucurreris.
936 2045 983 2051 —
1024 2027 1178 2060 hortum.
1231 2024 1353 2058 Varro
1372 1988 1485 2058 {atie
1511 2022 1575 2058 bei

116 2079 246 2112 seiner
278 2075 386 2110 Villa
422 2074 566 2108 unweit
600 2074 779 2108 Casinum
815 2074 917 2109 noch
954 2073 1097 2108 keinen
1133 2072 1300 2114 Garten3
1343 2082 1386 2106 er
1420 2069 1574 2105 schrieb

116 2126 196 2159 also
236 2124 277 2157 in
309 2123 434 2156 seiner
458 2120 680 2171 Einladung
713 2123 799 2156 dem
827 2123 977 2164 cicero,
1015 2121 1096 2163 der,
1138 2120 1213 2154 wie
1249 2131 1291 2154 er
1326 2124 1478 2161 wusste,
1513 2117 1577 2154 ein

118 2183 270 2221 grosser
301 2170 458 2204 Freund
492 2180 568 2204 von
605 2171 771 2204 B'a’umen
809 2171 888 2204 und
922 2170 1067 2203 Gfirten
1100 2178 1198 2202 war:
1239 2177 1281 2202 er
1318 2167 1436 2201 wolle
1463 2166 1577 2202 dafiir

118 2232 270 2267 „mx-gen,
310 2218 391 2252 dass
431 2230 473 2252 er
507 2219 739 2267 wenigstens
775 2217 816 2251 in
850 2218 978 2252 seiner
1012 2215 1237 2250 Bibliothek
1276 2213 1390 2249 einen
1430 2214 1577 2249 Garten

118 2268 252 2301 finden
278 2266 403 2307 sollte,
438 2265 471 2300 d.
501 2266 525 2298 i.
553 2278 596 2300 er·
619 2265 737 2300 wolle
763 2266 818 2300 sie
845 2263 1043 2300 reichlich
1067 2263 1140 2297 mit
1165 2260 1333 2297 B'dumen
1359 2263 1399 2296 in
1427 2262 1578 2297 Kiibeln

119 2316 296 2350 besetzen
321 2314 454 2347 lassen.
505 2313 713 2348 Vielleicht
739 2314 882 2347 meinte
908 2312 1006 2346 auch
1033 2312 1182 2347 Varro:
1224 2308 1327 2345 seine
1354 2307 1579 2344 Bibliothek

119 2362 251 2397 werde
281 2360 343 2395 ein
368 2361 512 2396 Garten
538 2361 607 2395 der
629 2364 758 2396 Musen
783 2363 847 2395 fiir
873 2361 941 2394 ihn
968 2359 1060 2401 sein,
1087 2359 1157 2393 der·
1181 2357 1293 2393 ieden
1318 2356 1465 2392 andern
1493 2363 1579 2392 ent-

121 2409 303 2445 behrlich
328 2409 476 2450 mache,
502 2409 542 2442 in
566 2409 863 2455 Vergessenheit
888 2408 1036 2455 bring-e.
1086 2406 1185 2441 Eine
1212 2405 1463 2440 Pindarische
1490 2405 1580 2440 Idee

122 2470 198 2492 von
224 2459 344 2499 κῆπος.
394 2457 558 2491 Hierauf
578 2457 728 2491 bezieht
755 2457 836 2490 sich
872 2466 952 2490 nun
987 2456 1048 2490 die
1082 2453 1326 2489 scherzhasse
1353 2451 1579 2503 Wendung,

123 2507 187 2540 die
214 2505 348 2540 Cicero
374 2504 501 2539 seiner
525 2504 699 2540 Antwort
726 2505 819 2554 gibt.

221 2580 254 2612 1.
305 2577 494 2611 adversum
519 2578 676 2623 aliquem
703 2575 783 2610 scil.
801 2573 971 2609 blandus.
998 2591 1045 2600 —
1071 2584 1194 2609 sumus
1211 2573 1354 2607 blandi.
1380 2590 1428 2599 ··——
1453 2570 1582 2619 ἀνοη-

125 2638 144 2661 τ
157 2638 171 2660 ε
184 2623 206 2660 ύ
216 2640 233 2660 τ
244 2638 269 2659 ω
282 2639 311 2667 ς,
338 2625 420 2658 sine
435 2623 649 2672 praestigiis
665 2629 702 2659 et
720 2625 819 2664 fuco,
841 2621 1155 2672 ungeschminkt,
1179 2622 1251 2655 mit
1269 2622 1355 2656 dem
1373 2620 1526 2656 Hel-zen
1542 2622 1584 2654 in

127 2673 196 2707 der
221 2672 347 2713 Hand,
374 2672 533 2707 sincere.
552 2692 599 2698 —
624 2686 667 2707 ne
684 2675 815 2706 vivam.
865 2671 992 2706 Ueber
1017 2668 1118 2705 diese
1147 2669 1586 2718 Betheuerungsformel

127 2720 315 2755 s.Ramsh.
331 2721 357 2764 ξ).
371 2723 453 2763 166,
466 2723 501 2756 3.
526 2720 671 2755 Grotef.
684 2721 712 2765 ᾗ.
724 2722 807 2764 183,
818 2720 851 2756 5.
869 2737 913 2747 —
935 2720 1129 2765 ceteroqui,
1149 2717 1342 2765 iibrigens.
1368 2714 1496 2752 Ueber
1514 2729 1586 2752 non

175 2790 252 2825 eie.
264 2790 392 2827 Briefe
404 2803 438 2827 v.
451 2790 605 2826 mnerb.
622 2790 687 2825 111.
1258 2780 1284 2819 6
