1795 3081
164 57 264 107 236
428 56 496 105 Μ.
531 55 585 104 Τ.
620 52 957 104 CICERONIS
993 52 1376 105 EPISTOLAE.

165 180 252 220 tibi
282 185 325 219 et
353 176 509 217 liberis
537 175 626 216 tuis
654 176 909 216 satisfacere
945 189 1130 230 cupere:
1174 176 1306 230 ichue
1349 184 1399 217 tu
1437 176 1493 217 ad
1530 184 1631 218 tuos

165 236 303 274 velim
332 233 531 273 scribas:
562 232 671 270 haec
701 231 877 283 quidem
906 238 1041 282 certe,
1072 245 1182 284 quae
1212 234 1258 271 in
1290 239 1505 285 potestate
1533 247 1632 273 mea

167 297 285 340 sunt,
325 295 376 327 ut
413 299 594 340 operam
638 287 885 337 consilium,
932 300 1027 326 rem
1073 286 1203 325 fidem
1252 301 1394 327 meam
1441 289 1527 326 sibi
1575 288 1631 327 ad

126 344 156 385 2
178 358 327 383 omnes
357 356 427 381 res
465 348 665 395 paratam
685 348 853 394 putent.
910 340 960 381 Si
989 343 1256 382 auctoritate
1287 349 1330 382 et
1360 344 1505 398 gratia
1534 349 1630 382 tan-

166 406 262 440 tum
291 411 477 451 possem,
507 402 718 450 quantum
747 397 793 434 in
823 410 874 437 ea
903 409 951 436 re
980 398 1174 450 publica,
1205 397 1257 438 de
1287 411 1372 450 qua
1402 399 1464 437 ita
1494 399 1628 437 meri-

166 461 238 494 tus
268 467 378 503 sum,
409 465 534 506 posse
574 451 806 491 deberem:
846 458 896 491 tu
934 465 1107 505 quoque
1146 453 1182 490 is
1222 466 1349 503 esses,
1380 453 1456 505 qui
1492 454 1631 503 fuisti,

167 522 303 562 quum
333 509 453 547 omni
482 506 624 563 gradu
651 507 920 560 amplissimo
952 506 1246 563 dignissimus,
1277 514 1370 547 tum
1405 514 1524 547 certe
1555 520 1630 547 or-

168 565 285 604 dinis
314 565 382 603 tui
412 563 542 602 facile
571 562 788 615 princeps.
847 561 949 613 Sed,
993 564 1200 615 quoniam
1244 562 1395 602 eodem
1433 569 1633 616 tempore

167 618 406 671 eademque
437 617 490 657 de
520 630 651 656 causa
677 618 879 656 nostrum
908 623 1095 671 uterque
1126 617 1303 669 cecidit,
1343 618 1427 657 tibi
1468 624 1512 657 et
1550 618 1632 656 illa

167 675 404 729 polliceor,
435 686 545 726 quae
575 685 708 725 supra
737 673 910 725 scripsi,
956 687 1067 725 quae
1106 680 1208 713 sunt
1248 673 1392 712 adhuc
1432 686 1545 724 mea,
1589 679 1634 712 et

171 743 238 780 ea,
269 742 379 782 quae
409 734 642 782 praeterea
670 726 828 767 videor
858 727 968 766 mihi
1008 742 1060 767 ex
1089 729 1238 780 aliqua
1267 735 1393 782 parte
1422 730 1634 777 retinere,

167 791 392 837 tamquam
431 797 485 823 ex
522 783 727 834 reliquiis
766 783 980 835 pristinae
1018 783 1259 838 dignitatis.
1317 783 1472 836 Neque
1515 784 1634 822 enim

166 842 263 894 ipse
294 841 468 890 Caesar,
497 845 547 878 ut
575 839 726 876 multis
755 838 887 876 rebus
916 839 1168 893 intelligere
1198 839 1340 891 potui,
1371 845 1435 878 est
1463 839 1634 877 alienus

167 909 196 934 a
224 895 379 934 nobis:
420 900 464 933 et
493 906 642 933 omnes
679 895 773 932 fere
802 893 1139 932 familiarissimi
1175 896 1267 932 eius
1307 906 1410 933 casu
1439 893 1635 933 devincti

167 951 340 1006 magnis
377 951 486 988 meis
530 949 756 988 veteribus
795 949 955 987 officiis
997 962 1066 988 me
1115 948 1354 1003 diligenter
1397 949 1635 987 observant

169 1012 214 1046 et
244 1006 410 1044 colunt.
468 1003 621 1056 Itaque
650 1005 687 1042 si
717 1004 792 1056 qui
822 1003 933 1041 mihi
970 1005 1058 1043 erit
1093 1003 1238 1042 aditus
1278 1003 1330 1042 de
1371 1006 1458 1042 tuis
1488 1005 1631 1042 fortu-

169 1062 253 1111 nis,
283 1059 330 1099 id
360 1065 425 1099 est
454 1058 507 1098 de
537 1066 611 1098 tua
641 1059 963 1106 incolumitate,
995 1061 1041 1100 in
1071 1073 1155 1112 qua
1185 1065 1286 1097 sunt
1311 1060 1474 1108 omnia,
1503 1072 1635 1114 agen—

170 1116 237 1156 di:
268 1114 385 1168 quod
416 1113 593 1167 quidem
622 1113 820 1167 quotidie
849 1115 988 1169 magis
1008 1128 1059 1154 ex
1080 1128 1234 1153 eorum
1263 1115 1537 1153 sermonibus
1561 1112 1635 1151 ad-

128 1171 311 1212 3ducor
340 1177 390 1211 ut
419 1183 613 1223 sperem:
645 1183 770 1224 agam
799 1183 879 1222 per
908 1183 977 1209 me
1017 1171 1111 1222 ipse
1152 1176 1196 1209 et
1232 1170 1406 1210 moliar.
1475 1168 1635 1224 Singu-

169 1229 214 1267 la
254 1227 462 1279 persequi
499 1227 588 1265 no‘n
627 1231 693 1263 est
728 1237 926 1264 necesse:
967 1227 1225 1263 universum
1262 1224 1455 1264 studium
1492 1236 1637 1263 meum

170 1289 215 1323 et
244 1281 598 1321 benevolentiam
628 1279 682 1322 ad
712 1285 754 1318 te
785 1278 949 1320 defero.
1009 1279 1096 1320 Sed
1132 1281 1279 1335 magni
1318 1293 1415 1319 mea
1453 1280 1639 1318 interest

169 1338 256 1377 hoc
285 1343 384 1375 tuos
415 1348 564 1374 omnes
603 1336 734 1384 scire,
776 1333 894 1388 quod
931 1336 1018 1373 tuis
1062 1337 1207 1374 literis
1242 1336 1342 1374 fieri
1378 1340 1551 1388 potest3
1590 1339 1640 1372 ut

171 1392 441 1447 intelligant,
491 1391 640 1429 onmia
680 1391 909 1431 Ciceronis
952 1396 1105 1443 patere
1149 1389 1388 1430 Trebiano.
1447 1390 1548 1428 Hoc
1588 1402 1639 1428 eo

170 1449 382 1502 pertinet,
412 1452 463 1485 ut
491 1446 607 1488 nihil
637 1446 889 1485 existiment
918 1459 1009 1485 esse
1039 1452 1129 1485 tam
1159 1445 1356 1496 difficile,
1401 1444 1519 1503 quod
1548 1457 1635 1484 non

171 1516 255 1560 pro
285 1509 329 1544 te
357 1502 469 1540 mihi
497 1507 747 1554 susceptum
777 1500 1019 1541 iucundum
1048 1503 1107 1540 sit
1135 1503 1348 1540 futurum.

130 1559 158 1600 4
283 1557 424 1597 Antea
451 1558 667 1595 misissem
706 1555 761 1595 ad
800 1562 844 1595 te
874 1557 1042 1606 literas,
1085 1557 1122 1594 si
1153 1570 1288 1611 genus
1318 1554 1542 1595 scribendi
1573 1555 1639 1593 in-

172 1614 396 1654 venirem:
429 1613 510 1652 tali
540 1613 657 1651 enim
686 1618 887 1664 tempore
930 1618 1007 1650 aut
1049 1612 1272 1650 consolari
1302 1612 1547 1650 amicorum
1577 1616 1642 1649 est

173 1727 238 1762 Sic
271 1726 344 1760 Md.
389 1727 509 1770 Neap.
554 1725 653 1758 Vict.
683 1728 714 1759 1.
742 1727 776 1759 2.
815 1723 945 1757 Lamb.
983 1724 1122 1758 Bened.
1156 1730 1296 1771 parata
1332 1724 1416 1761 Asc.
1453 1727 1485 1758 1.
1537 1723 1637 1756 Crat.

174 1776 314 1810 Graev.
340 1775 561 1821 Mart.-Lag.
588 1772 674 1807 Sch.
702 1774 800 1806 Liin.
832 1774 907 1806 ΟΒ.

268 1837 304 1870 2.
353 1835 494 1868 ordinis
526 1836 584 1866 tui
623 1833 822 1877 equestris.
882 1833 980 1866 Nam
1019 1832 1049 1865 si
1086 1832 1269 1865 senatorii
1307 1832 1451 1872 fuisset,
1502 1833 1642 1866 ordinis

173 1887 292 1918 nostri
317 1883 488 1921 dixisset,
515 1892 630 1925 quum
664 1882 744 1926 ipse
772 1881 905 1915 Cicero
941 1885 1094 1914 senator
1129 1887 1243 1922 esset3
1281 1880 1366 1913 ideo
1403 1886 1440 1913 et
1465 1881 1641 1926 dignissi-

174 1944 255 1967 mus
280 1931 377 1965 dixit
394 1935 586 1974 tamquam
607 1929 652 1963 de
680 1930 808 1973 equite
835 1929 881 1961 iis
907 1928 1117 1961 honoribus
1145 1928 1277 1975 digno,
1305 1939 1398 1972 quos
1425 1928 1489 1971 qui
1516 1927 1642 1972 adepti

174 1985 278 2022 sunt,
317 1990 397 2012 non
423 1978 498 2011 iam
528 1978 713 2021 equestris
739 1977 803 2011 sed
831 1976 1016 2011 senatorii
1045 1975 1190 2009 ordinis
1218 1977 1400 2009 dicuntur
1427 1987 1517 2010 esse.
1553 1978 1641 2009 MA-

174 2029 282 2063 NUT.
310 2045 356 2051 —
383 2029 568 2073 quoniam.
596 2026 632 2059 S.
657 2037 714 2070 ep.
737 2025 901 2066 DXXVI,
928 2027 960 2062 2.
988 2043 1034 2049 —
1060 2026 1213 2064 alienus,
1238 2025 1455 2070 abgeneigt.
1478 2043 1525 2048 —-
1545 2037 1643 2065 casu,

174 2075 363 2122 zuf'allig‚
406 2073 655 2122 gliicklicher
686 2073 833 2108 Weise.
876 2074 985 2118 quasi
1016 2074 1117 2107 Crat.
1163 2073 1305 2105 Rursus
1338 2084 1356 2105 e
1392 2071 1483 2105 Cld.
1522 2072 1641 2119 Regio

175 2124 274 2162 Lall.
309 2124 380 2156 cfr.
414 2128 543 2155 tamen
570 2122 638 2165 Ep.
668 2123 723 2160 12.
750 2125 775 2164 ᾧ.
803 2123 837 2155 2.
879 2134 998 2155 omnes
1028 2122 1193 2155 Caesaris
1211 2121 1426 2165 familiares
1457 2123 1551 2154 satis
1577 2133 1643 2165 op-

171 2177 334 2220 portune
361 2172 427 2212 (z
453 2172 555 2212 casu)
582 2170 692 2204 habeo
719 2172 931 2214 implicatos
957 2174 1027 2202 cet,
1059 2170 1132 2202 ΟΒ.
1166 2187 1204 2193 -
1235 2171 1356 2202 aditus
1382 2168 1429 2202 ad
1447 2168 1643 2201 Caesarem

175 2231 226 2252 =
250 2219 409 2256 facultas
436 2229 522 2253 cum
549 2229 592 2254 eo
609 2243 617 2254 ,
635 2244 641 2251 .
660 2243 668 2251 .
685 2219 830 2263 agendi.
862 2217 1103 2252 Antecedens
1136 2227 1207 2261 pro
1244 2227 1393 2259 conseq.
1432 2235 1474 2240 —-
1510 2219 1644 2250 incoln-

178 2272 324 2307 mitm‘e,
350 2267 471 2300 salute
500 2266 525 2302 i.
554 2278 583 2301 e.
613 2266 659 2300 de
685 2271 751 2300 tuo
778 2265 906 2299 reditu
939 2264 980 2297 in
1014 2265 1161 2305 urbem,
1197 2276 1244 2298 ne
1271 2265 1435 2309 amplius
1473 2265 1644 2298 exsulare

179 2316 344 2365 negaris.

276 2367 310 2398 3.
360 2363 485 2396 omnia
513 2363 697 2395 Ciceronis
730 2360 754 2395 i.
782 2374 811 2396 e.
851 2360 980 2396 omnia
1006 2360 1209 2408 praesidia,
1250 2372 1346 2406 quae
1385 2360 1464 2393 eius
1500 2365 1587 2394 sunt
1619 2374 1643 2394 s.

178 2424 276 2457 quae
311 2416 398 2445 sunt
432 2410 473 2442 in
511 2410 591 2443 eius
623 2414 817 2454 potestate.
855 2428 897 2433 ——
930 2414 1070 2454 patere,
1118 2421 1166 2441 zu
1203 2409 1348 2442 Gebote
1387 2407 1531 2441 stehen.
1573 2408 1646 2440 Das

181 2462 311 2494 Ganze
337 2463 444 2492 statt:
472 2458 598 2491 omnia
624 2470 703 2491 mea
730 2464 860 2501 patere
887 2459 965 2491 tibi.
1002 2457 1103 2489 Eine
1131 2455 1342 2490 Antimeria
1367 2455 1468 2489 nach
1493 2455 1642 2489 Ramsh.

184 2509 216 2552 ξ,
240 2509 325 2548 206,
353 2507 398 2546 Α,
425 2509 458 2542 1.
485 2525 530 2532 —
555 2507 648 2539 mihi
671 2505 814 2550 pendet
838 2518 856 2537 a
884 2506 925 2539 V.
954 2507 1160 2539 iucundum.

276 2558 310 2591 4.
360 2556 493 2591 Antea.
543 2555 673 2587 Novae
708 2553 903 2597 Epistulae
935 2552 1088 2585 initium
1125 2557 1257 2585 eontra
1292 2552 1366 2587 Md.
1400 2552 1465 2585 hic
1499 2551 1646 2585 faciunt

182 2603 283 2637 Vict.
312 2603 440 2639 hamb.
468 2602 715 2648 Ma1·t.-Lag·.;
760 2601 838 2634 imo
872 2600 1094 2645 appendicis
1120 2600 1373 2644 (Postscript.)
1407 2600 1506 2639 loco,
1549 2611 1644 2644 quae

183 2656 411 2695 sequuntur,
438 2650 627 2694 adscripta
653 2654 751 2683 sunt.
780 2666 823 2674 —
851 2651 1061 2689 invenirem,
1098 2660 1212 2682 wenn
1238 2647 1300 2680 ich
1328 2660 1365 2681 es
1390 2648 1511 2681 sehon
1539 2649 1646 2694 mog-

184 2698 264 2737 lich
292 2698 489 2747 gefunden
514 2698 631 2741 hatte,
655 2697 727 2734 Di1·
744 2697 872 2732 Etwas
898 2696 1121 2731 triistliches
1148 2708 1195 2731 zu
1221 2696 1492 2741 versprechen.
1518 2697 1647 2729 Mart.-
