1795 3081
228 98 327 144 272
496 88 566 143 M.
602 89 656 140 T.
694 87 1037 139 CICERONIS
1075 87 1455 140 EPISTOLAE.

227 221 452 269 speratum
483 234 538 243 -—-
567 210 756 264 denique
785 210 1023 266 intelliges,
1064 208 1222 262 ecquid
1260 210 1477 252 inclinent
1514 210 1570 252 ad
1608 213 1695 254 hoc

226 284 373 311 meum
404 269 638 308 consilium
671 265 981 306 adiuvandum.
1039 264 1088 305 Si
1119 265 1224 318 quid
1255 268 1354 314 erit,
1393 280 1599 324 magnum
1629 276 1697 311 est

227 326 544 365 adiumentum.
612 322 689 361 Sin
730 324 888 372 minus,
933 332 1193 373 quacunque
1236 323 1409 362 ratione
1456 323 1694 363 contenda-

227 395 337 420 mus.
404 379 493 419 Vel
530 385 579 418 tu
618 377 732 416 illud
770 373 1003 433 ἐγγήραμα,
1047 375 1415 428 quemadmodum
1460 380 1693 432 scripsisti,

227 437 299 476 vel
331 430 538 488 ἐντάφιον
564 439 732 487 putato.
781 433 856 471 'De
893 432 974 470 illo
1006 432 1198 471 Ostiensi
1240 433 1355 471 nihil
1396 440 1461 473 est
1494 426 1706 489 cogitanJ

228 491 345 530 dum.
405 489 454 528 Si
484 489 568 527 hoc
598 502 685 527 non
715 488 988 539 assequimur
1015 508 1070 515 —-
1099 499 1125 525 a
1152 487 1310 528 Lamia
1337 501 1425 528 non
1453 495 1562 543 puto
1592 502 1694 543 pos·-

225 560 272 588 se
300 564 356 574 ω-
383 544 641 598 Damasippi
669 542 983 597 experiendum
1014 548 1092 582 est.

366 706 682 756 EPISTOLA
716 705 990 756 Dvam.
1045 706 1128 767 (ad
1164 704 1268 755 Att.
1303 706 1408 756 ΧΗ.
1444 706 1545 767 3ο.)

363 795 445 830 Ser.
473 796 632 830 Asturae
659 800 820 829 exeunte
847 794 983 829 Martio
1010 795 1054 829 A.
1081 797 1125 830 U.
1151 795 1190 829 G.
1218 798 1300 831 709.
1338 796 1385 839 (a.
1413 796 1453 831 C.
1481 796 1561 841 45.)

434 868 490 903 De
515 866 602 902 Silii
627 866 751 901 hortis
779 871 815 899 et
841 866 1051 911 mancipiis
1078 866 1334 902 Castricianis.
1371 870 1492 905 1—2.

727 936 907 972 CICERO
932 937 1113 972 ATTICO
1140 938 1178 974 S.

336 1011 528 1064 Quaero,
559 1008 665 1064 quid
694 1009 749 1049 ad
779 1018 821 1049 te
851 1010 1070 1051 scribamz
1117 1009 1193 1050 sed
1232 1011 1346 1050 nihil
1389 1017 1467 1052 est.
1524 1010 1688 1053 Eadem

224 1068 436 1122 quotidie.
497 1066 625 1118 Quod
654 1067 893 1105 Lentulum
922 1066 1090 1116 invisis,
1120 1065 1249 1106 valde
1280 1073 1468 1122 gratum.
1520 1067 1687 1106 Pueros

223 1124 419 1163 attribue
463 1124 519 1173 ei,
561 1128 668 1174 quot
698 1128 740 1160 et
774 1134 883 1174 quos
911 1120 1150 1161 videbitur.
1224 1118 1290 1161 De
1320 1121 1422 1161 Silii
1455 1122 1688 1162 voluntate

220 1178 441 1219 vendendi
472 1184 515 1217 et
544 1176 597 1216 de
627 1190 694 1227 eo,
726 1177 894 1229 quanti,
931 1182 981 1215 tu
1008 1177 1159 1215 vereri
1185 1176 1369 1228 videris,
1408 1178 1601 1233 primum
1631 1190 1688 1218 ne

222 1235 351 1283 nolit,
390 1232 546 1273 deinde
576 1245 630 1271 ne
666 1233 791 1271 tanti.
849 1230 978 1270 Sicca
1016 1232 1174 1270 alitert
1219 1232 1295 1272 sed
1332 1232 1415 1272 tibi
1453 1233 1685 1273 assentior.

223 1289 387 1342 Quare,
425 1295 474 1327 ut
504 1289 545 1327 ei
582 1287 764 1340 placuit,
803 1288 963 1340 scripsi
1004 1286 1059 1326 ad
1085 1287 1332 1342 Egnatium.
1392 1287 1519 1340 Quod
1548 1287 1687 1328 Silius

221 1413 320 1448 auch
359 1412 502 1457 Oppius
540 1411 621 1445 und
656 1411 790 1444 Balbus
830 1409 915 1444 sich
958 1410 1192 1445 schwerlich
1226 1421 1297 1444 zur
1332 1410 1584 1459 Auszahlung
1615 1411 1687 1446 dex·

222 1474 346 1510 ganz
362 1473 415 1494 en
442 1460 597 1493 Summe
623 1460 755 1492 hatten
782 1458 988 1492 verstehen
1013 1460 1161 1507 mb'gen.
1202 1477 1243 1484 —
1278 1459 1319 1492 Si
1342 1460 1431 1504 quid
1453 1463 1536 1499 erit,
1568 1472 1686 1494 wenn

221 1511 349 1544 Etwas
377 1509 510 1541 daraus
536 1508 693 1541 werden
718 1507 849 1546 sollte,
877 1512 919 1539 ut
945 1512 1116 1540 auctores
1144 1507 1220 1539 sint
1244 1508 1366 1540 futuri
1393 1507 1435 1540 in
1460 1508 1686 1551 praestando

222 1557 433 1592 Faberiano
462 1556 623 1590 nomine
650 1563 684 1590 et
711 1555 913 1600 pecuniam
939 1555 1049 1587 istam
1075 1555 1139 1589 vel
1166 1555 1403 1588 deminutam
1433 1556 1611 1590 soluturi.
1641 1575 1686 1582 —

222 1608 287 1640 Sin
313 1609 432 1638 minus
459 1608 539 1645 erit,
565 1604 668 1637 wird
693 1605 783 1637 aber
801 1601 937 1635 Nichts
955 1603 1100 1644 daraus,
1128 1614 1166 1636 so
1194 1605 1345 1636 miissen
1371 1603 1446 1637 wir
1465 1603 1570 1637 Alles
1596 1615 1686 1638 ver-⁶

222 1653 369 1687 suchen
395 1653 462 1685 auf
483 1652 624 1699 irgend
651 1651 735 1685 eine
761 1651 900 1684 andere
927 1650 996 1683 Art
1026 1663 1113 1684 zum
1140 1650 1303 1684 Zwecke
1339 1662 1387 1682 zu
1412 1651 1609 1687 kommen,
1635 1670 1685 1678 --

224 1703 288 1736 Vel
311 1707 352 1734 tu
376 1701 471 1733 illud
494 1706 563 1734 cet.
598 1699 622 1732 i.
652 1711 682 1732 e.
711 1699 859 1732 emendi
894 1703 984 1731 sunt
1017 1698 1115 1731 mihi
1150 1697 1276 1731 horti:
1316 1703 1434 1741 tuque
1460 1699 1560 1732 illud
1586 1699 1682 1733 licet

219 1750 284 1783 vel
310 1747 505 1794 ἐγγήραμα,
533 1748 630 1780 sicut
657 1751 734 1792 (ep.
762 1749 844 1787 5'43,
869 1748 922 1787 2.)
956 1745 1154 1790 scripsisti,
1191 1746 1228 1779 h.
1258 1757 1287 1780 e.
1326 1746 1455 1779 locum
1490 1747 1681 1781 senectuti

220 1798 372 1842 quietae
398 1795 678 1843 transigendae,
706 1795 769 1828 vel
796 1792 957 1840 ἔνῑάφιον
982 1793 1006 1826 i.
1036 1805 1066 1827 e.
1098 1794 1227 1827 locum
1267 1794 1443 1838 sepulcro
1475 1806 1560 1828 meo
1595 1795 1681 1829 ido-

220 1858 335 1879 neum
360 1850 483 1888 putes,
520 1845 621 1876 SCH.
666 1861 707 1867 —-
744 1843 799 1875 De
825 1844 890 1876 illo
919 1844 1075 1876 Ostiensi
1104 1842 1128 1875 i.
1157 1853 1188 1876 e.
1225 1841 1270 1874 de
1298 1842 1427 1875 Cottae
1465 1842 1604 1876 villula
1636 1843 1680 1877 in

220 1893 384 1927 Ostiensi
411 1891 569 1926 emenda
594 1891 693 1924 nihil
716 1896 767 1924 est
791 1892 1038 1936 cogitandum,
1065 1890 1155 1933 quia
1179 1889 1368 1934 pusillum
1395 1889 1482 1923 loci.
1511 1891 1600 1927 Vid.
1619 1902 1678 1936 ep.

218 1944 302 1982 541,
328 1943 362 1975 3.
397 1942 479 1974 545.
507 1958 552 1964 —
579 1940 620 1972 Si
643 1940 708 1972 hoc
733 1939 756 1971 i.
786 1951 815 1972 e.
841 1938 927 1972 Silii
952 1937 1095 1972 hortos⁴
1128 1956 1162 1961 ·-
1193 1951 1216 1971 a
1239 1938 1371 1971 Lamia
1385 1949 1456 1971 non
1468 1944 1562 1983 puto
1576 1952 1681 1984 posse

220 1988 437 2034 impetrari,
463 1992 504 2021 ut
528 1987 661 2021 hortos
688 1998 770 2021 suos
796 1986 894 2019 mihi
920 1986 1070 2020 vendat.
1098 1985 1187 2020 Vid.
1217 1997 1273 2030 ep.
1299 1988 1382 2026 540,
1409 1989 1443 2021 3.
1463 2005 1511 2011 --
1534 1988 1679 2021 Dama-⁶

219 2041 320 2084 sippi
345 2049 461 2081 exper.
489 2041 543 2069 est
573 2036 656 2073 scil.
688 2040 728 2067 ut
760 2035 893 2069 hortos
928 2034 1067 2068 habere
1101 2034 1296 2078 possimus.
1342 2046 1368 2067 s.
1396 2045 1454 2079 ep.
1481 2036 1572 2070 552:
1599 2035 1679 2069 Da-

217 2089 428 2131 masippum
453 2086 558 2118 velim
583 2083 812 2129 aggrediare.
837 2083 1015 2116 MANUT.
1035 2097 1081 2107 ἡ
1106 2081 1253 2114 Licinii
1280 2084 1504 2128 Damasippi
1528 2087 1678 2117 senato-

216 2134 282 2167 ris.
334 2133 467 2167 Dieser
500 2131 605 2166 hatte
638 2132 777 2165 immer
802 2132 958 2171 Hauser‚
986 2130 1142 2168 G'artem
1176 2129 1409 2176 Landgiiter,
1441 2130 1675 2173 Bilds'aulen,

218 2181 415 2222 Gemtssde,
451 2179 643 2214 kostbares
672 2179 840 2213 Gera'the
875 2179 951 2212 und
978 2183 1080 2212 sonst
1106 2177 1198 2210 alles
1225 2177 1417 2224 M'dgliche
1442 2191 1490 2211 zu
1516 2179 1677 2212 verkaua

216 2231 292 2264 fen.
333 2229 368 2262 S.
396 2229 499 2262 Caes.
530 2228 564 2261 d.
592 2227 633 2262 B.
661 2227 741 2261 Civ.
770 2228 820 2269 ΙΙ,
847 2229 903 2262 44.
939 2227 1069 2260 Horat.
1104 2223 1179 2258 Sat.
1218 2226 1267 2264 ΙΙ,
1299 2229 1334 2267 3,
1371 2228 1428 2260 64.
1467 2239 1503 2259 u.
1546 2225 1672 2272 Cicer.

216 2278 263 2312 ad
288 2277 437 2310 Divers.
464 2276 544 2315 VII,
570 2277 616 2310 23
640 2275 697 2320 ψ.
726 2275 780 2310 ed.
810 2277 934 2316 124.);
960 2274 1006 2308 ad
1032 2273 1144 2306 Attio.
1173 2273 1255 2315 XII,
1281 2276 1326 2309 33
1360 2274 1414 2315 (h.
1443 2274 1500 2309 ed.
1526 2273 1628 2319 552.)

308 2352 341 2384 1.
393 2348 554 2394 quotidie
579 2347 662 2385 scil,
690 2346 890 2380 scribenda
915 2351 1012 2379 sunt.
1046 2364 1093 2370 —-
1125 2346 1328 2380 Lentulum.
1365 2344 1401 2380 S.
1428 2357 1486 2390 ep.
1514 2349 1583 2383 546
1610 2358 1676 2394 ge-

216 2408 291 2445 gen
321 2396 440 2429 Ende.
470 2414 510 2420 -
535 2408 677 2439 pueros,
711 2395 879 2430 Sklaven
912 2406 982 2427 zur
1008 2393 1277 2442 Aufwartung,
1309 2409 1356 2419 —-
1388 2396 1560 2430 vendendi
1582 2394 1675 2428 hor-

216 2451 283 2478 tos.
319 2444 355 2479 S.
385 2455 441 2488 ep.
469 2445 550 2486 547,
580 2448 609 2478 1.
654 2445 735 2483 546,
764 2446 794 2478 1.
838 2443 921 2482 545,
950 2445 982 2477 1.
1017 2454 1053 2477 u.
1081 2454 1108 2478 S.
1131 2454 1181 2475 W.
1215 2460 1262 2466 ——
1303 2443 1343 2475 de
1377 2455 1415 2475 eo
1464 2441 1584 2477 delev.
1626 2442 1673 2478 de

214 2494 311 2527 Ern.
340 2504 436 2536 susp.
464 2490 551 2524 Sch.
580 2492 674 2524 Liin.
709 2491 793 2524 Nisi
821 2502 950 2523 rursus
975 2489 1071 2523 fuit:
1099 2495 1132 2523 et
1154 2493 1336 2536 ecqicanti.
1361 2491 1551 2526 ORELLI.
1578 2492 1673 2525 Pen-

217 2541 278 2574 det
305 2554 321 2573 a
349 2540 518 2573 vendendi
554 2540 577 2572 i.
607 2551 636 2573 e.
678 2539 780 2582 quod
814 2538 861 2571 ad
886 2538 1026 2572 Silium
1064 2538 1213 2579 attinet,
1253 2550 1300 2571 an
1335 2539 1430 2571 velit
1465 2544 1502 2573 et
1540 2539 1674 2583 quanti

214 2589 309 2622 velit
335 2588 465 2621 hortos
492 2587 669 2621 vendere.
697 2587 795 2620 SC'H.
823 2605 868 2610 -
894 2600 936 2620 ne
962 2589 1062 2620 tanti
1086 2586 1253 2619 vendere
1275 2586 1381 2627 velit,
1409 2598 1452 2620 er
1479 2587 1596 2621 wolle
1622 2599 1671 2620 zu

213 2635 316 2670 hoch
344 2636 490 2668 hinmis.
533 2635 698 2676 Vereris,
726 2646 774 2668 ne
800 2634 869 2666 illa
896 2646 1051 2674 summa,
1078 2645 1190 2677 quam
1213 2634 1348 2675 obtuli,
1376 2639 1573 2668 contentus
1593 2646 1672 2668 esse

214 2684 321 2718 nolit.
351 2704 391 2709 —
422 2685 536 2724 Sicca,
565 2683 630 2726 qui
657 2693 759 2715 nunc
785 2681 885 2727 apud
912 2681 1134 2716 Ciceronem
1163 2686 1243 2715 erat
1268 2682 1441 2724 Asturae,
1476 2682 1590 2715 aliter
1616 2682 1672 2715 lo-

213 2733 358 2776 quitur.
406 2731 493 2767 Vid.
537 2743 594 2776 ep.
631 2731 801 2773 DXLIV,
839 2729 927 2764 init.
966 2749 1013 2756 —
1047 2730 1261 2777 Egnatium.
1300 2728 1335 2765 S.
1372 2741 1428 2775 ep.
1457 2731 1538 2774 533,
1564 2733 1598 2766 3.
1624 2747 1671 2755 —
