1795 3081
529 81 850 134 EPISTOLA
884 83 1066 136 DXVI.
1440 89 1531 135 211

70 203 248 247 caedem
276 212 474 254 ostentat,
511 213 565 246 ex
594 206 729 247 altera
768 206 1039 246 servitutem.
1112 205 1209 259 Quo
1251 208 1296 246 in
1333 208 1574 262 perieulo2

69 264 270 303 nonnihil
299 274 370 303 me
399 262 662 311 consolatur,
703 272 837 315 quum
864 260 1076 301 recordor
1106 262 1211 303 haec
1239 276 1307 303 me
1337 270 1429 303 tum
1466 266 1532 306 vi-

71 315 198 364 disse,
229 332 364 372 quum
395 316 608 358 secundas
639 318 771 357 etiam
799 330 869 357 res
898 323 1084 363 nostras,
1117 331 1202 357 non
1222 318 1351 358 modo
1375 319 1531 361 adver·

70 385 140 411 sas
170 373 531 425 pertimescebam
559 370 862 425 videbamque,
904 377 1067 424 quanto
1106 371 1307 424 periculo
1350 373 1402 414 de
1431 376 1531 414 iure

72 428 254 480 publico
285 428 608 481 disceptaretur
636 428 784 466 armis.
855 426 1022 478 Quibus
1062 427 1100 465 si
1136 428 1169 465 ii
1207 429 1433 482 vicissent,
1476 430 1532 470 ad

74 496 182 534 quos
213 497 293 540 ego
323 485 442 537 pacis
477 495 567 535 spe,
607 495 696 521 non
735 482 843 522 belli
873 481 1114 534 cupiditate
1144 481 1357 524 adductus
1386 499 1532 526 acces-

74 551 245 587 seram,
289 545 435 578 tamen
485 537 805 593 intelligebam,
850 544 893 577 et
931 538 1153 577 iratorum
1194 536 1440 592 hominum,
1489 549 1534 582 et

75 593 339 646 cupidorum
385 600 428 633 et
470 594 756 633 insolentium
808 605 939 646 quam
982 592 1176 633 crudelis
1224 602 1336 634 esset
1382 598 1535 638 futura

72 649 291 688 victoria:
321 650 389 688 sin
418 655 564 689 autem
599 650 711 689 victi
748 655 904 698 essent,
944 655 1132 700 quantus
1176 650 1384 690 interitus
1426 659 1537 694 esset

75 705 252 743 futurus
302 706 468 744 civium
514 705 679 757 partim
728 705 1116 758 amplissimorum,
1180 707 1344 758 partim
1402 710 1536 748 etiam

76 761 374 812 optimorum,
411 760 487 812 qui
516 773 584 800 me
614 760 722 800 haec
750 760 1079 813 praedicentem
1099 766 1229 812 atque
1248 763 1413 814 optime
1429 777 1537 803 con-

75 815 290 855 sulentem
319 816 453 854 saluti
482 829 585 854 suae
612 816 836 855 malebant
857 817 1042 854 nimium
1069 815 1289 868 timidum,
1320 831 1449 870 quam
1468 833 1535 859 sa-

75 870 133 908 tis
161 870 423 923 prudentem
453 873 711 911 existimari.
763 870 891 923 Quod
920 878 1066 911 autem
1097 871 1207 911 mihi
1237 871 1289 911 de
1321 887 1387 923 eo,
1419 874 1578 927 quod3

78 927 262 980 egerim,
292 927 548 982 gratularis,
578 934 621 966 te
650 928 713 966 ita
741 928 857 967 velle
899 933 1021 966 certo
1060 928 1172 966 scio:
1217 926 1291 967 sed
1330 941 1410 984 ego
1448 937 1539 970 tam

76 983 240 1021 misero
271 988 470 1035 ternpore
498 982 610 1021 nihil
640 984 745 1022 novi
775 983 950 1022 consilii
989 984 1215 1035 cepissem,
1256 984 1342 1022 nisi
1385 986 1431 1023 in
1469 999 1539 1026 re-

78 1034 176 1075 ditu
205 1051 301 1076 meo
331 1038 473 1076 nihilo
503 1039 710 1077 meliores
740 1051 809 1077 res
839 1037 1115 1088 domesticas,
1156 1051 1285 1090 quam
1325 1053 1418 1078 rem
1459 1055 1538 1094 pu·

78 1091 241 1132 blicam
271 1092 560 1133 offendissem.-
621 1093 788 1144 Quibus
818 1095 935 1132 enim
963 1107 1045 1147 pro
1076 1095 1183 1133 meis
1214 1095 1540 1137 immortalibus

77 1146 301 1188 beneficiis
342 1150 570 1188 carissima
605 1162 702 1188 mea
739 1149 856 1188 salus
887 1156 930 1189 et
957 1162 1080 1189 meae
1112 1151 1318 1190 fortunae
1347 1164 1437 1192 esse
1466 1152 1541 1193 (le-³

79 1286 161 1319 und
194 1286 260 1320 ihr
291 1287 456 1336 Anhang
490 1287 684 1336 obsiegen,
723 1277 783 1321 di'e
820 1287 912 1322 ietzt
949 1287 1021 1320 mit
1048 1287 1160 1321 C'a'sar
1196 1288 1263 1321 auf
1295 1288 1422 1323 Leben
1463 1290 1543 1324 und

80 1334 164 1369 Tod
205 1336 414 1380 k'ampften.
460 1356 502 1362 —
546 1337 686 1370 caedem
723 1341 892 1376 ostentat,
947 1336 1009 1370 cin
1052 1336 1342 1381 schreckliChes
1381 1337 1543 1372 Blutbad

30 1403 31 1406 =
80 1393 152 1417 uns
179 1389 371 1418 erwarten
397 1385 495 1418 l'asst.
523 1403 570 1409 —-
597 1396 636 1417 ex
662 1386 793 1422 altera,
818 1395 935 1418 wenn
961 1383 1073 1417 C'a‘sar
1098 1384 1208 1431 siegt.

140 1483 143 1485 ,
176 1445 209 1478 2.
259 1446 402 1485 vidisse,
428 1444 742 1493 vorhergesehen
767 1444 875 1478 habe.
911 1464 953 1469 —-
988 1445 1128 1478 secund.
1156 1457 1211 1478 res
1237 1449 1397 1486 nostras,
1434 1446 1544 1480 Pom-

29 1495 31 1506 ³
81 1490 308 1536 peianorum
342 1493 557 1534 victoriam,
593 1493 624 1526 si
657 1505 740 1526 rem
775 1493 869 1526 bene
907 1492 1123 1540 gessissent.
1164 1493 1266 1526 SCH.
1306 1512 1352 1517 --
1391 1494 1431 1526 de
1465 1497 1544 1528 iure

76 1541 237 1586 publice,
272 1540 393 1582 „Was
419 1540 610 1574 Rechtens
643 1541 696 1573 im
723 1540 847 1574 Staate
881 1541 960 1574 sein
997 1540 1135 1573 solle.“
1191 1540 1241 1574 Es
1275 1540 1427 1574 bezieht
1462 1542 1544 1576 sich

82 1587 146 1620 das
174 1587 319 1630 darauf,
347 1588 427 1622 dass
455 1588 568 1622 Casar
593 1589 753 1636 vorgab:
782 1599 824 1622 er
848 1588 965 1622 Wolle
993 1584 1054 1634 das
1082 1588 1165 1621 ihm
1191 1599 1279 1622 vom
1306 1588 1430 1623 Staate
1457 1600 1545 1624 ver-fl

81 1633 239 1669 liehene
264 1636 387 1670 Recht
416 1647 490 1669 nur
514 1635 743 1682 behaupten‚
768 1648 845 1670 was
872 1648 961 1669 man
988 1635 1072 1668 ihm
1098 1634 1349 1684 verweigere.
1377 1656 1425 1661 --
1457 1639 1491 1672 si
1515 1640 1548 1672 ἰί

81 1683 350 1728 (Pompeiani).
402 1684 466 1718 Sic
494 1684 622 1718 Lamb.
649 1687 684 1719 si
709 1686 748 1718 hi
772 1684 846 1717 Md.
873 1684 974 1716 Vict.
1003 1686 1036 1718 2.
1068 1684 1142 1718 ΟΒ.
1173 1703 1214 1709 —-
1246 1687 1351 1728 pacis
1375 1698 1447 1729 spe,
1483 1698 1549 1720 aus

81 1730 280 1780 Hoffnung
305 1732 380 1766 den
404 1733 571 1767 Frieden
596 1733 798 1767 bewirken
824 1745 872 1765 zu
898 1732 1066 1766 kb'nnen.
1098 1750 1140 1756 —
1169 1734 1407 1777 cupidorum,
1435 1734 1548 1767 raub-

83 1779 266 1827 gieriger,
301 1780 326 1813 i.
355 1792 384 1815 e.
412 1781 518 1814 bonis
546 1780 792 1822 inhiantium,
833 1791 928 1825 quae
957 1779 1173 1813 Caesariani
1208 1780 1462 1824 possidebant.
1500 1800 1548 1808 —-

34 1830 35 1834 ’
82 1829 282 1868 malebant,
321 1839 360 1863 so
387 1827 430 1862 L.
457 1828 660 1871 Domitius,
695 1829 841 1873 Scipio,
879 1828 947 1862 der
979 1826 1313 1875 Schwiegervater
1348 1828 1411 1863 des
1438 1830 1549 1863 Pom-

83 1875 204 1920 peius,
230 1876 425 1919 Metellus,
453 1877 595 1910 Consul
621 1877 663 1910 L.
690 1876 876 1911 Lentulus
901 1888 939 1909 u.
959 1873 1109 1909 Andere
1135 1876 1400 1924 streitlustigee.
1431 1876 1467 1911 S.
1489 1889 1546 1923 ep.

82 1926 165 1960 446.
201 1923 305 1957 Caes.
332 1923 378 1958 de
404 1925 444 1958 B.
474 1922 553 1958 civ.
581 1925 611 1961 I.

181 1974 215 2006 3.
269 1974 365 2016 quod
388 1976 534 2018 egerim.
569 1972 604 2006 S.
632 1971 659 2016 §.
687 1975 731 2006 1:
759 1983 854 2016 quae
882 1972 1056 2019 egissem.
1091 1989 1137 1995 —
1174 1975 1209 2004 te
1236 1972 1293 2004 ita
1326 1973 1426 2014 velle,
1467 1971 1548 2006 dass

86 2019 155 2053 der
182 2019 473 2054 Gliickwunsch
511 2021 582 2053 Dir
612 2033 688 2054 von
720 2021 872 2054 Herzen
907 2019 1016 2067 gehe.
1052 2036 1094 2043 -
1133 2020 1230 2053 nihil
1251 2033 1284 2054 n.
1312 2031 1338 2054 c,
1367 2023 1549 2064 cepissem,

87 2066 151 2101 ich
175 2067 310 2102 wiirde
336 2081 383 2103 an
408 2068 522 2102 keine
548 2069 835 2116 Ver'a'nderung³
863 2068 896 2103 d.
924 2069 950 2102 i.
980 2078 1076 2100 neue
1098 2067 1264 2100 Heirath
1290 2066 1455 2115 gedacht
1479 2067 1550 2101 ha-

87 2115 175 2149 ben.
202 2134 248 2139 —
275 2128 330 2149 res
363 2119 586 2157 domesticus,
620 2116 798 2151 Terentia
833 2115 937 2150 hatte
972 2112 1071 2147 nach
1096 2114 1280 2148 Plutarch
1315 2114 1357 2148 in
1385 2115 1549 2149 Cicero's

55 2167 66 2172 “
87 2163 360 2198 Abwesenheit
397 2164 459 2197 das
495 2165 725 2199 Hauswesen
759 2163 1063 2210 vernachl'a'ssigt
1101 2162 1179 2195 und
1215 2163 1316 2197 viele
1350 2162 1549 2197 Schulden

89 2211 283 2259 gemacht,
317 2212 506 2246 wesshalb
542 2224 584 2246 er
618 2214 687 2246 auf
717 2212 919 2246 Aurathen
953 2211 1082 2244 seiner
1107 2210 1286 2245 Freunde
1321 2210 1381 2244 die
1414 2210 1551 2245 reiche

88 2258 245 2292 Miindel
281 2260 447 2304 Publilia
480 2260 711 2298 heirathete‚
757 2272 823 2293 um
866 2260 954 2293 iene
995 2257 1179 2292 bezahlen
1215 2270 1264 2292 zu
1299 2258 1468 2293 konnen.
1503 2276 1551 2284 --

93 2307 230 2350 Quibus
268 2311 370 2341 enim.
430 2308 500 2341 Die
535 2307 806 2342 ConstruCtion
845 2307 918 2339 ist:
964 2308 1059 2339 Nam
1099 2319 1208 2351 quum
1236 2311 1393 2352 propter
1428 2318 1551 2340 eorum

89 2356 215 2394 scelus,
255 2357 379 2400 quibus
415 2368 450 2388 u.
487 2367 516 2389 s.
548 2368 596 2389 w.
631 2375 678 2381 —
706 2356 900 2398 fortunae,
925 2365 973 2386 Ξ
997 2355 1236 2393 Ηεωεννοε6η,
1264 2355 1307 2388 in
1333 2354 1463 2401 Bezug
1487 2355 1554 2387 auf

90 2401 193 2435 seine
220 2401 427 2436 Gemahlin
451 2403 650 2445 Terentia3
675 2405 787 2443 salus,
812 2401 1061 2451 biirgerliche
1086 2402 1330 2441 Wohlfahrt,
1355 2401 1396 2434 in
1423 2401 1553 2451 Bezug

89 2450 157 2483 auf
179 2451 311 2484 seinen
334 2450 483 2484 Bruder
509 2451 671 2493 Quintus
697 2451 777 2484 und
803 2450 935 2484 ‹lessen
961 2450 1077 2493 Sohn‚
1110 2450 1172 2484 die
1198 2450 1286 2484 iene
1313 2448 1437 2483 durch
1462 2449 1552 2484 ihre

90 2497 294 2545 Anklagen
329 2498 390 2532 des
426 2499 572 2532 Marcus
606 2499 669 2533 bei
696 2499 809 2533 C'a'sar
841 2497 939 2532 nach
965 2498 1052 2532 dem
1077 2496 1368 2532 Pharsalis'chen
1393 2496 1553 2531 Treffen

91 2545 293 2579 befcihrdet
322 2545 467 2579 hatten.
517 2546 738 2580 Vielleicht
770 2545 862 2580 aber
893 2544 1047 2580 bezieht
1079 2545 1175 2580 diess
1209 2544 1431 2593 gleichfalls
1465 2543 1563 2579 sich,

93 2592 191 2626 bloss
225 2593 293 2626 auf
324 2592 519 2635 Terentia,
558 2593 620 2628 (lie
655 2593 753 2627 auch
788 2594 829 2626 in
863 2593 1096 2638 politischer
1119 2593 1301 2626 Hinsicht
1326 2591 1454 2626 ihrem
1480 2593 1555 2627 Ge-

93 2639 220 2673 mahle
246 2639 358 2674 sollte
385 2640 590 2687 geschadet
614 2641 757 2675 haben&
784 2653 861 2674 was
888 2641 990 2675 denn
1006 2641 1142 2675 Cicero
1168 2640 1294 2681 mehr,
1321 2640 1375 2674 als
1402 2640 1465 2674 das
1477 2641 1555 2674 Er-

95 2692 207 2730 stere,
233 2699 281 2720 zu
308 2688 417 2722 einer
442 2687 667 2737 Scheidung
699 2689 943 2723 veranlassen
970 2689 1127 2731 konnte‚-
1166 2687 1291 2724 wobei
1325 2699 1368 2722 er
1401 2687 1467 2721 ihr
1491 2687 1556 2722 das

96 2734 381 2783 Eingebrachte
407 2735 668 2784 herausgeben
705 2736 787 2770 und
812 2737 890 2771 also
918 2737 1019 2771 noch
1046 2738 1163 2773 tiefer
1195 2737 1236 2769 in
1262 2735 1458 2770 Schulden
1491 2747 1556 2782 ge-

1169 2795 1254 2836 14*
