1795 3081
191 77 291 127 262
460 73 529 124 M.
567 74 623 124 T.
662 71 1004 124 CICERONIS
1038 71 1422 125 EPISTOLAE.

193 198 262 238 nis
298 192 530 238 πολιτικοὶ
568 195 737 237 fuerint
770 195 995 236 illustres?
1043 207 1155 249 quae
1192 201 1237 237 te
1271 195 1404 236 etiam
1442 208 1496 237 ex
1523 195 1656 253 Apol-

195 252 338 292 lodori
379 258 487 306 puto
529 264 654 306 posse
691 251 905 292 invenire.
962 251 1031 290 De
1067 250 1238 301 Attica,
1282 252 1535 302 molestum3
1579 253 1657 294 sed

198 308 404 361 quoniam
434 308 616 358 leviter,
646 312 766 346 recte
796 319 888 347 esse
917 303 1100 346 confido.
1157 306 1225 346 De
1254 305 1437 347 Gamala
1473 306 1656 348 dubium

194 363 304 402 mihi
334 375 420 402 non
450 367 571 403 erat:
619 360 736 402 unde
775 363 891 402 enim
928 367 1018 401 tam
1054 362 1158 402 felix
1186 362 1326 416 Ligus
1355 365 1509 416 pater?
1538 363 1654 403 Nam

196 417 303 471 quid
333 417 385 458 de
414 431 484 458 me
515 417 680 467 dicam,
725 418 798 457 cui
823 423 874 456 ut
900 417 1050 457 omnia
1080 418 1357 472 contingant,
1397 431 1510 472 quae
1538 419 1653 466 volo,

152 473 335 520 3levari
364 486 449 513 non
480 475 687 527 possum?
730 472 797 513 De
829 472 966 513 Drusi
994 472 1160 522 hortis,
1204 474 1359 527 quanti
1392 474 1571 514 licuisse
1603 479 1655 513 tu

196 528 370 577 scribis,
402 528 449 568 id
480 541 557 583 ego
587 539 761 582 quoque
789 528 1015 568 audieram
1046 533 1101 575 et,
1132 534 1183 568 ut
1210 529 1382 581 opinor,
1415 529 1518 568 heri
1540 528 1595 568 ad
1610 535 1654 569 te

192 584 474 636 scripseramt
516 582 592 624 sed
622 584 773 637 quanti
803 584 975 636 quanti,
1006 583 1116 623 bene
1143 584 1305 624 emitur
1333 582 1451 637 quod
1478 597 1655 624 necesse

192 643 270 677 est.
329 638 466 689 Mihi,
497 652 673 693 quoquo
703 637 830 678 modo
859 644 908 679 tu
940 639 1162 679 existimas
1191 661 1244 668 -
1284 640 1374 678 scio
1403 639 1544 690 enim,
1575 652 1654 693 ego

191 693 285 745 ipse
316 693 421 746 quid
451 692 504 734 de
532 707 602 734 me
631 695 872 734 existimem
894 716 948 724 —
966 695 1125 735 levatio
1157 693 1369 748 quaedam
1398 699 1478 743 est,
1508 697 1546 734 si
1574 695 1655 733 mi·-

191 762 274 787 nus
304 748 491 793 doloris,
536 756 582 789 at
619 751 755 789 officii
794 747 943 789 debiti.
998 748 1067 790 Ad
1096 748 1266 789 Siccam
1306 751 1491 803 scripsi,
1535 748 1654 803 quod

190 805 336 844 utitur
364 805 415 844 L.
453 805 594 846 Cotta.
651 803 703 844 Si
739 804 849 844 nihil
886 805 1179 845 conficeretur
1207 803 1261 844 de
1289 804 1655 855 Transtiberinis,

190 942 278 976 euri
307 950 443 983 sectae,
469 942 565 977 weil
591 942 744 986 Epicur
771 953 809 975 u.
836 941 967 976 dessen
994 941 1233 990 Nachfolger
1258 942 1300 976 in
1327 943 1456 977 einem
1484 956 1521 977 u.
1545 943 1653 978 dem·

187 990 321 1024 selben
360 991 506 1025 Garten
543 988 711 1025 lehrten.
744 1008 793 1014 —-
845 1003 886 1023 ex
917 992 1134 1035 Apollodori
1166 990 1411 1024 Atheniensis
1447 991 1654 1026 Chronicis

187 1038 416 1080 (Annalem,
444 1049 541 1082 quae
569 1037 706 1070 iambis
733 1038 953 1081 conscripta
983 1044 1102 1072 erant.
1155 1039 1245 1072 Vid.
1274 1040 1422 1086 Menag.
1450 1039 1497 1072 ad
1522 1040 1652 1074 Lae'rt.

189 1089 224 1127 1,
250 1089 306 1122 37.
335 1087 386 1128 ΙΙ,
413 1088 446 1121 2.
493 1086 590 1119 Eius
616 1097 635 1119 e
661 1085 818 1130 scriptis
844 1086 1022 1130 pluribus
1048 1086 1285 1120 bibliotheca
1313 1087 1392 1120 sola
1419 1088 1529 1121 nobis
1555 1088 1652 1122 reli-

188 1145 264 1178 qua
291 1141 356 1167 est.
383 1153 431 1159 —
463 1136 518 1167 De
542 1135 690 1176 Attica,
723 1133 785 1166 die
811 1133 1051 1176 Nachricht,
1088 1135 1167 1168 dass
1193 1135 1316 1168 Deine
1342 1135 1515 1168 Tochter
1550 1135 1651 1170 noch

189 1181 303 1216 nicht
329 1181 432 1216 ohne
445 1182 586 1215 Fieber
612 1181 675 1222 ist,
703 1180 793 1216 thut
821 1182 899 1215 mir
924 1183 1015 1218 leid.
1054 1182 1088 1217 S.
1111 1194 1167 1227 ep.
1194 1185 1265 1218 5321
1292 1194 1351 1215 am
1367 1183 1479 1216 Ende
1504 1196 1539 1216 u.
1556 1196 1582 1217 s-
1599 1196 1649 1219 W.

189 1248 231 1255 -
260 1233 386 1264 leviter
411 1230 513 1263 febri
539 1229 699 1265 laborat.
726 1248 773 1253 -—
799 1235 892 1264 recte
919 1243 1011 1273 esse,
1054 1243 1092 1264 es
1117 1230 1225 1264 stehe
1253 1230 1326 1264 mit
1352 1230 1418 1263 ihr
1445 1232 1512 1264 auf
1535 1238 1652 1278 guter

186 1277 415 1326 Besserung.
443 1297 489 1304 —
523 1279 613 1311 unde
641 1303 648 1311 .
675 1303 684 1311 .
709 1283 830 1323 pater.
882 1276 1022 1312 Sensus
1058 1290 1135 1312 esse
1168 1278 1348 1312 videtur:
1384 1279 1460 1320 „de
1489 1279 1652 1313 Gamala

187 1325 347 1359 dubium
376 1325 478 1359 mihi
506 1336 584 1358 non
612 1331 712 1367 erat,
740 1327 835 1370 quin
863 1326 943 1360 eius
970 1333 1099 1360 morte
1125 1326 1380 1360 vehementer
1405 1327 1651 1375 affligeretur

187 1373 321 1421 Ligus,
350 1374 431 1407 eius
456 1380 577 1417 pater.
629 1374 741 1407 Unde
768 1374 875 1407 enim
902 1381 980 1408 tam
1007 1374 1109 1408 felix
1134 1375 1206 1407 sibi
1233 1373 1336 1407 visus
1365 1379 1421 1407 est
1451 1375 1544 1415 ille,
1571 1375 1651 1408 nisi

188 1422 291 1464 quod
319 1422 422 1456 hanc
447 1421 570 1454 filiam
598 1420 756 1455 haberet
782 1421 902 1462 (denn
928 1421 1120 1456 wodurch
1147 1422 1305 1463 andem,
1342 1422 1396 1454 als
1422 1422 1547 1455 durch
1575 1422 1650 1456 den

185 1469 314 1503 Besitz
339 1469 465 1503 dieser
490 1469 680 1509 Tochter,
719 1470 846 1503 fiihlte
873 1470 958 1503 sich
984 1471 1101 1503 Vater
1127 1470 1245 1518 Ligus
1282 1480 1321 1503 so
1357 1470 1561 1516 gliicklioh
1574 1471 1650 1512 ?).“

188 1515 280 1558 Quis
315 1522 442 1551 autem
477 1517 527 1551 sit
562 1517 632 1550 ille
653 1518 785 1565 Ligus,
814 1524 947 1551 utrum
962 1518 1005 1552 1..
1023 1518 1162 1564 Ligur,
1190 1529 1237 1550 an
1265 1517 1346 1552 eius
1372 1515 1494 1552 frater
1508 1518 1558 1554 M.
1579 1520 1650 1553 Oc-

185 1565 311 1598 tavius
337 1565 461 1612 Ligur
496 1564 674 1604 (Verrin.
704 1569 742 1607 1,
768 1567 826 1600 48.
853 1566 900 1599 ad
925 1567 1044 1600 Attio.
1074 1566 1164 1606 VII,
1193 1567 1247 1600 18.
1275 1565 1314 1598 h.
1344 1566 1399 1602 ed.
1426 1567 1547 1608 315.)‚
1588 1567 1649 1599 in-

186 1619 339 1646 certum
369 1620 434 1650 est.
481 1612 581 1646 SCH.
609 1632 655 1638 —
681 1618 740 1647 cuz·
759 1624 807 1645 Ξ
832 1625 966 1657 quum,
993 1614 1094 1647 mihi
1122 1619 1161 1646 ut
1188 1620 1260 1647 cet.
1287 1613 1369 1654 „Da
1396 1614 1475 1654 ich,
1503 1619 1650 1662 gesetzt

184 1660 312 1703 Alles,
355 1673 432 1695 was
458 1660 526 1694 ich
551 1661 757 1702 wiinsche‚
796 1662 933 1697 wiirde
959 1662 1038 1694 mir
1072 1674 1121 1694 zu
1147 1661 1283 1702 Theil,
1321 1661 1500 1694 dennoeh
1538 1662 1651 1696 nicht

185 1708 356 1742 leichter
387 1720 453 1741 um
488 1709 551 1741 das
579 1709 681 1742 Herz
708 1710 869 1743 werden
895 1708 1071 1745 wiirde.“
1120 1708 1191 1742 Ich
1224 1708 1332 1741 kann
1367 1709 1446 1743 also
1481 1710 1544 1743 die
1571 1710 1651 1743 Un-

185 1756 463 1791 triistlichkeit
489 1756 553 1790 des
580 1757 698 1804 Ligus
725 1757 849 1791 leicht
883 1769 932 1790 an
966 1757 1047 1790 mir
1072 1756 1190 1791 selbst
1222 1756 1459 1799 abnehmen,
1507 1757 1554 1791 da
1583 1757 1650 1792 ich

185 1803 283 1839 iiber
308 1804 489 1840 Tulliens
515 1803 597 1838 'rod
623 1815 662 1839 so
689 1804 929 1839 untrlistlich
954 1804 1033 1838 bin.

281 1867 317 1900 3.
367 1865 422 1898 De
446 1864 563 1900 Drusi
586 1863 714 1901 hortis.
765 1864 801 1899 S.
829 1865 865 1899 d.
891 1865 1016 1911 vorig.
1043 1864 1156 1897 Brief
1179 1865 1208 1905 §-
1235 1866 1267 1900 3.
1284 1882 1332 1888 —-
1348 1865 1483 1909 quanti
1507 1865 1651 1899 licuisse

185 1916 228 1945 tu
252 1913 398 1950 scribis,
435 1912 512 1946 wie
544 1911 648 1945 hoch
683 1913 738 1946 sie
765 1912 867 1945 nach
893 1912 1038 1946 Deiner
1062 1912 1255 1960 Meldung
1279 1912 1423 1946 hinauf
1445 1912 1649 1960 getrieben

187 1960 287 1995 sind.
313 1979 360 1985 —
395 1960 457 1995 sed
479 1963 611 2006 quanti
641 1961 724 1994 scil.
751 1967 923 2001 ematur,
952 1985 961 1993 .
990 1986 997 1993 .
1025 1986 1033 1993 .
1060 1972 1133 1993 nec,
1160 1965 1231 2001 est,
1269 1961 1360 1994 aber
1385 1959 1464 1995 wie
1490 1959 1648 2001 theuer,

187 2009 266 2042 wie
294 2008 435 2042 theuer
462 2020 499 2042 es
527 2008 626 2041 auch
653 2009 798 2042 immet·
824 2020 873 2042 zu
898 2007 1034 2042 §tehen
1061 2007 1241 2048 komme3
1268 2008 1362 2042 Was
1389 2020 1479 2041 man
1506 2008 1650 2055 n'dthig

185 2054 265 2097 hat,
294 2056 405 2089 kauft
432 2067 520 2089 man
548 2058 613 2089 nie
639 2069 686 2089 zu
712 2056 874 2098 theuer,
919 2056 1064 2089 immet·
1089 2056 1192 2089 noch
1218 2055 1410 2091 wohlseil.
1437 2074 1484 2080 —-
1508 2068 1649 2101 quoquo

184 2105 291 2138 modo
316 2110 343 2137 t.
371 2107 485 2144 exist„
512 2104 615 2138 Was
634 2105 695 2137 Du
721 2104 821 2136 auch
847 2104 992 2137 immer
1018 2104 1141 2137 davon
1169 2104 1321 2137 denken
1348 2110 1485 2151 mag-st.
1513 2124 1556 2130 -
1582 2117 1649 2149 ego

184 2154 262 2196 ipse
286 2165 317 2197 q.
346 2152 378 2185 vl.
405 2164 451 2185 m.
479 2154 597 2193 exist„
623 2152 718 2187 Was
754 2151 820 2185 ich
854 2151 971 2185 selbst
995 2162 1071 2186 von
1098 2151 1178 2186 mir
1202 2164 1249 2184 zu
1277 2151 1408 2185 halten
1434 2152 1532 2186 habe
1558 2152 1592 2188 d.
1621 2153 1645 2186 i.

185 2199 264 2233 wie
299 2199 377 2232 mir
410 2212 457 2232 zu
483 2199 619 2233 Muthe
656 2199 737 2233 und
772 2211 820 2234 zu
855 2198 996 2233 rathen
1033 2199 1093 2232 ist.
1154 2200 1307 2233 Andere
1341 2200 1648 2248 interpungiren

185 2247 364 2294 weniger
390 2246 581 2281 treffend:
617 2251 691 2282 scio
717 2250 813 2281 enim
839 2260 903 2293 ego
930 2250 1018 2292 ipse,
1047 2248 1142 2293 quid.
1196 2247 1308 2280 Denn
1343 2260 1409 2293 ego
1435 2251 1509 2292 ipse
1547 2247 1648 2282 steht

186 2294 274 2328 dem
304 2301 345 2328 tu
370 2298 470 2329 exist.
500 2302 704 2343 entgegen.
730 2314 778 2320 —-
803 2297 937 2329 levatio
962 2294 1050 2328 hier
1075 2296 1131 2328 im
1159 2295 1366 2339 doppelten
1384 2296 1530 2329 Sinne:
1559 2296 1648 2328 Er-

187 2342 512 2389 leichterung·
537 2343 618 2376 und
644 2343 964 2391 Erledigung.
990 2361 1038 2368 -
1063 2344 1122 2377 Ad
1145 2344 1296 2376 Siccam.
1337 2343 1401 2377 Sic
1427 2343 1501 2378 Md.
1530 2344 1646 2380 oxon,

186 2394 220 2426 1.
250 2392 282 2425 2.
311 2392 412 2426 Crat.
441 2391 543 2425 vict.
573 2391 727 2432 Lamb.,
770 2398 813 2425 ut
852 2390 982 2425 editur
1014 2391 1056 2423 in
1083 2393 1177 2436 Epp.
1214 2393 1263 2424 acl
1284 2392 1369 2425 Dio.
1397 2394 1461 2431 14,
1490 2394 1522 2426 ¹4.
1557 2397 1645 2426 cett.

188 2440 311 2472 Sicam
336 2440 420 2472 Asc.
448 2441 480 2472 1.
506 2438 606 2471 Man.
633 2439 716 2472 Bos.
744 2437 857 2484 Seqq.
899 2438 951 2471 Et
977 2439 1033 2471 sic
1059 2450 1223 2482 semper.
1279 2440 1351 2474 ΟΒ,
1402 2441 1483 2473 Auf
1513 2440 1647 2472 dessen

186 2487 367 2534 Landgut
400 2485 542 2520 kehrte
569 2486 705 2520 Cicero
743 2487 829 2529 ein,
869 2487 921 2519 als
950 2497 993 2519 er
1023 2486 1095 2520 in's
1122 2487 1251 2520 Elend
1284 2488 1392 2535 ging.
1442 2486 1477 2521 S.
1505 2498 1561 2532 ep.
1588 2488 1645 2521 54.

186 2536 244 2569 55.
271 2536 328 2570 59.
355 2536 433 2568 415.
460 2536 542 2570 336.
569 2533 649 2569 556.
677 2536 758 2570 759.
785 2553 828 2560 --
856 2534 952 2579 quod
974 2538 1093 2568 utitur
1106 2536 1145 2569 L.
1166 2536 1287 2577 Cotta,
1314 2535 1408 2569 weil
1436 2546 1478 2568 er
1503 2536 1648 2568 immor

188 2582 263 2617 mit
288 2584 330 2615 L.
357 2583 468 2617 Cotta
492 2594 541 2615 zu
567 2581 789 2616 verke'nren
816 2582 885 2616 hat
911 2583 945 2614 d.
974 2582 998 2618 i,
1027 2583 1119 2627 quia
1146 2583 1227 2616 eius
1255 2582 1464 2616 familiaris
1493 2589 1557 2616 est.
1600 2583 1643 2615 L.

186 2632 359 2664 Aurelius
385 2630 494 2664 Cotta
525 2629 602 2662 fuit
626 2629 678 2663 M.
706 2630 857 2671 Cottae,
898 2632 970 2665 680
1006 2630 1175 2665 consulis
1210 2631 1261 2669 (v.
1291 2630 1451 2665 Verrin.
1479 2630 1528 2669 V,
1559 2631 1644 2670 13.)‚

185 2679 322 2718 frater,
349 2678 449 2725 legis
475 2677 661 2711 Aureliae
689 2678 919 2712 iudiciariae
945 2678 998 2721 (v.
1025 2678 1141 2712 Catil.
1169 2678 1239 2720 ΙΙΙ,
1265 2680 1297 2713 8.
1325 2679 1461 2725 Agrar.
1488 2678 1542 2718 ΙΙ,
1571 2679 1647 2718 17.)

187 2732 335 2768 auctor,
360 2728 432 2768 689
458 2726 593 2761 consul
617 2728 669 2767 (v.
693 2725 740 2763 ad
754 2726 892 2761 Famil.
921 2729 954 2767 1,
983 2727 1038 2763 12.
1064 2726 1151 2768 XII,
1177 2728 1240 2769 2.),
1268 2725 1467 2762 Ciceronis
1486 2726 1643 2762 amicus.
