1795 3081
568 55 891 107 EPISTOLA
926 56 1131 109 DLVII.
1479 60 1576 114 285

115 180 232 219 filiae
261 185 378 229 tuae,
424 191 526 218 sane
563 191 692 230 quam
722 191 804 231 pro
835 191 903 228 eo,
943 191 993 216 ac
1024 177 1171 229 debui,
1210 178 1411 234 graviter
1437 179 1578 220 mole-

115 242 265 287 steque
303 235 388 273 tuli
429 246 789 285 communemque
829 246 924 272 eam
964 234 1259 273 calamitatem
1298 234 1577 283 existimavi3

115 292 206 343 qui,
249 291 287 327 si
328 290 428 327 istic
472 290 708 338 affuissem,
763 301 904 340 neque
944 289 1026 326 tibi
1068 288 1300 327 defuissem
1338 302 1578 341 coramque

113 358 258 383 meum
289 343 490 383 dolorem
519 344 603 382 tibi
633 342 936 382 declarassem.
993 343 1086 381 Etsi
1123 356 1257 398 genus
1296 343 1380 383 hoc
1420 357 1577 383 conso-

114 401 293 439 lationis
324 400 533 437 miserum
561 405 691 450 atque
722 399 931 437 acerbum
963 404 1048 436 est:
1080 405 1315 451 propterea
1346 400 1464 451 quia,
1493 412 1577 452 per

113 469 220 507 quos
252 467 301 493 ea
344 454 526 493 confieri
565 452 692 492 debet
731 455 1001 506 propinquos
1042 466 1091 491 ac
1128 454 1385 504 familiares,
1426 455 1461 492 ii
1489 455 1578 508 ipsi

111 511 211 563 pari
252 509 452 548 molestia
489 509 745 547 afficiuntur
787 521 927 560 neque
972 509 1065 547 sine
1104 508 1301 547 lacrimis
1338 510 1489 548 multis
1526 508 1576 548 id

114 566 268 603 conari
298 569 502 616 possunt:
542 565 609 601 uti
638 565 776 618 magis
807 565 892 616 ipsi
920 562 1156 602 videantur
1195 564 1387 603 aliorum
1419 577 1575 603 conso-

113 621 279 658 latione
300 617 513 673 indigere,
538 631 667 670 quam
689 620 788 657 aliis
811 631 936 671 posse
957 632 1083 656 suum
1107 618 1301 656 officium
1323 626 1573 671 praestare:

113 681 256 714 tamen
288 687 397 725 quae
436 674 481 711 in
512 675 759 725 praesentia
789 675 835 711 in
866 680 1053 712 mentem
1084 673 1194 711 mihi
1222 680 1455 724 venerunt,
1497 674 1573 714 de-

113 731 235 768 crevi
264 729 390 767 brevi
420 727 474 766 ad
505 734 546 767 te
576 729 878 780 perscribere:
910 742 996 766 non
1027 742 1112 780 quo
1144 741 1194 767 ea
1223 734 1267 767 te
1297 730 1450 784 fugere
1480 731 1573 770 exi-

111 786 298 833 stimem,
343 781 417 822 sed
461 782 578 835 quod
621 785 809 822 forsitan
856 783 1012 822 dolore
1053 783 1289 836 impeditus
1333 785 1477 822 minus
1520 798 1573 824 ea

110 840 364 893 perspicias,
431 837 547 890 Quid
584 845 662 889 est,
709 838 827 892 quod
864 845 987 877 tanto
1028 851 1160 891 opere
1207 845 1250 877 te
1294 844 1615 884 commoveat2

112 902 212 934 tuus
243 893 374 932 dolor
403 894 663 932 intestinus?
712 896 884 950 Cogita,
914 892 1276 946 quemadmodum
1306 893 1450 933 adhuc
1477 897 1574 934 for-

109 956 216 988 tuna
245 949 472 988 nobiscum
503 950 666 1004 egerit:
699 963 748 989 ea
777 950 903 988 nobis
933 955 1084 1001 erepta
1098 945 1214 997 esse,
1247 962 1357 1001 quae
1379 949 1573 989 homini-

111 1005 190 1043 bus
227 1018 315 1042 non
352 1005 495 1042 minus
533 1017 661 1055 quam
700 1006 834 1044 liberi
873 1017 975 1042 cara
1012 1017 1103 1043 esse
1139 1004 1308 1050 debent,
1361 1007 1571 1057 patriam,

109 1059 395 1108 honestatem,
440 1057 710 1113 dignitatem,
752 1060 940 1099 honores
988 1072 1148 1098 onmes.
1224 1059 1327 1098 Hoc
1362 1073 1451 1098 uno
1500 1062 1570 1099 in-

110 1113 339 1153 commodo
371 1112 535 1163 addito,
574 1114 679 1166 quid
718 1113 773 1153 ad
812 1114 1011 1153 dolorem
1052 1113 1231 1169 adiungi
1271 1113 1447 1167 potuit?
1491 1122 1571 1155 aut

109 1171 185 1222 qui
215 1182 302 1207 non
331 1170 377 1206 in
406 1169 497 1208 illis
528 1170 657 1208 rebus
687 1171 954 1209 exercitatus
985 1171 1154 1208 animus
1183 1170 1347 1209 callere
1375 1171 1464 1208 iam
1494 1170 1570 1210 de-

205 1267 237 1297 1.
289 1276 374 1297 sane
409 1276 528 1310 quam,
564 1264 756 1297 wirklich
784 1263 882 1298 sehr.
924 1263 960 1297 S.
989 1263 1138 1297 Grotef.
1173 1265 1200 1307 ἓ.
1233 1267 1315 1300 334.
1354 1264 1505 1298 Ramsh.
1531 1266 1566 1306 S.

109 1314 192 1350 203,
218 1312 287 1352 IV,
315 1313 348 1349 2,
374 1323 404 1344 a.
430 1331 477 1335 —
498 1324 568 1356 pro
595 1325 634 1345 eo
660 1325 714 1345 ac.
752 1312 787 1346 S.
814 1311 967 1345 Ramsh.
994 1313 1021 1355 ξ.
1044 1315 1123 1353 179,
1152 1314 1192 1353 Β,
1219 1324 1250 1355 a,
1278 1316 1311 1347 4.
1340 1331 1380 1338 -
1411 1316 1486 1359 qui,
1513 1313 1568 1346 ita

108 1366 162 1395 ut.
187 1379 233 1385 —
260 1362 346 1392 istic
370 1359 520 1399 Romae,
548 1360 623 1392 imo
651 1361 692 1392 in
711 1359 938 1392 Tusculano.
965 1378 1009 1384 —
1038 1373 1238 1405 coramque,
1264 1371 1326 1394 wo
1347 1360 1565 1406 quezsed.

108 1426 155 1432 —
176 1411 384 1453 propterca.
437 1407 472 1442 S.
498 1407 648 1441 Ramsh.
677 1411 707 1449 ἕ.
737 1410 816 1448 187,
845 1408 894 1445 ΙΙ,
920 1410 953 1443 2.
987 1426 1034 1432 --
1083 1410 1180 1453 quia.
1220 1409 1445 1456 Mart-Lag.
1473 1407 1564 1442 Sch.

107 1456 203 1491 Liin.
239 1456 334 1501 quod
366 1460 498 1488 contra
532 1455 604 1488 Md.
643 1457 716 1491 OR.
752 1455 785 1490 S.
814 1456 963 1488 Ramsh.
1000 1460 1030 1498 ἓ.
1058 1459 1137 1497 187,
1171 1456 1201 1497 Ι,
1234 1458 1267 1490 2.
1309 1456 1453 1491 Grotef.
1479 1458 1564 1491 392.

106 1506 186 1537 420.
214 1520 257 1528 -
279 1504 515 1548 propinquos.
552 1504 767 1551 Mart-Lag.
796 1502 883 1536 Sch.
910 1504 1001 1539 Liin.
1031 1504 1076 1537 de
1102 1504 1196 1537 Ern.
1225 1516 1322 1548 susp.
1353 1507 1567 1550 propinqui,

107 1552 176 1594 qui
204 1553 233 1584 ii
258 1555 344 1583 ante
369 1553 442 1594 ipsi
466 1550 674 1591 omittunt„
702 1556 885 1585 commate
904 1557 987 1594 post
1013 1554 1111 1585 dehet
1135 1552 1270 1596 posito.
1298 1552 1386 1585 Vid.
1411 1551 1565 1586 Ramsh.

107 1602 138 1640 §.
167 1600 246 1637 159,
273 1600 306 1639 3,
335 1609 363 1630 e.
405 1597 551 1631 Grotef.
580 1600 607 1642 ξ).
635 1601 715 1634 374.
751 1618 794 1623 —
829 1602 860 1632 ii
884 1601 967 1642 ipsi.
1003 1599 1064 1632 Sic
1098 1600 1245 1644 scripsi.
1281 1602 1392 1645 itipsi
1422 1600 1496 1633 Md.
1523 1601 1569 1634 id

105 1650 179 1691 ipsi
202 1645 297 1678 Vici.
326 1648 358 1679 1.
402 1648 474 1688 ipsi
499 1645 600 1681 Crat.
629 1648 731 1681 Vict.
758 1648 791 1681 2.
827 1647 937 1690 Seqq.
978 1648 1051 1681 ΟΒ.
1085 1667 1131 1671 -
1168 1651 1235 1681 uti.
1265 1648 1382 1692 Neap.
1410 1648 1500 1682 Asc.
1527 1651 1564 1683 1-

107 1695 209 1728 Crat.
237 1693 365 1728 Lamb.
393 1693 530 1727 Bened.
558 1694 622 1729 W.
651 1694 889 1742 Maru-Lag.
932 1700 1064 1728 contra
1096 1695 1170 1728 Md.
1209 1697 1284 1729 ΟΒ.
1319 1714 1364 1720 -
1396 1695 1566 1740 officium

107 1741 340 1776 consolandi.
367 1760 414 1766 —
448 1747 566 1775 tamen
600 1742 762 1790 beginnt
796 1743 868 1776 den
894 1743 1081 1776 Nachsatz
1119 1754 1194 1776 von
1218 1744 1374 1777 Etsi...
1392 1745 1565 1779 acerbum

105 1795 168 1824 est.
195 1807 241 1813 —
265 1801 335 1822 non
362 1801 440 1834 quo,
468 1789 579 1822 nicht
606 1790 660 1823 als
687 1790 955 1835 ob.—-fugere,
981 1790 1202 1824 unbekannt
1227 1792 1323 1831 sein,
1352 1791 1563 1839 entgehen.

106 1858 150 1864 -
175 1839 295 1870 minus
318 1841 530 1882 perspicias,
561 1838 764 1872 vielleicht
790 1838 899 1871 nicht
924 1839 1012 1871 klar
1037 1850 1165 1886 genug
1190 1839 1291 1871 Dich
1328 1839 1462 1873 dessen
1496 1840 1565 1875 bo-

106 1889 223 1919 wusst
248 1886 397 1926 warest,
423 1885 482 1917 Du
510 1897 545 1918 es
572 1886 683 1919 nicht
708 1886 749 1919 in
777 1885 963 1934 gehb'rige
989 1886 1253 1933 Betrachtung
1276 1887 1420 1933 zfigest.

200 1934 234 1967 2.
290 1934 387 1976 Quid
416 1938 478 1974 est,
514 1934 615 1978 quod.
655 1933 690 1967 S.
726 1933 877 1967 Ramsh.
911 1935 939 1977 §.
968 1937 1048 1976 18'4,
1075 1936 1109 1968 2.
1151 1935 1239 1968 Not.
1267 1938 1300 1968 1.
1326 1936 1360 1968 2.
1407 1934 1561 1970 Gir-oter.

104 1981 132 2023 §.
159 1982 242 2019 396,
268 1979 376 2014 Anm.
404 1982 486 2021 432,
512 1981 621 2015 Anm.
651 1983 683 2016 2.
708 2001 750 2006 —
789 1987 844 2015 te.
861 2010 868 2017 .
885 2008 892 2015 .
911 1986 1112 2024 intestinus,
1140 1982 1191 2014 im
1219 1982 1364 2015 Innern
1389 1982 1492 2016 Dich
1516 1993 1563 2018 so

106 2027 373 2068 erschiittern;
401 2033 487 2061 statt
512 2033 572 2061 tua
599 2030 760 2069 viscera,
789 2030 968 2063 intestina
994 2030 1016 2064 i.
1045 2041 1073 2065 e.
1101 2035 1246 2073 pectus,
1283 2040 1351 2063 cor
1384 2041 1561 2064 commo-

103 2080 200 2108 veat.
240 2075 455 2108 Vielleicht
480 2076 527 2108 ist
555 2077 692 2110 iedoch
719 2077 1223 2119 intestinus:domesticus,
1239 2077 1314 2111 wie
1335 2089 1392 2121 ep.
1413 2080 1496 2117 558,
1509 2081 1558 2113 42:

103 2124 296 2156 domestica
322 2123 398 2155 und
421 2124 565 2167 publica
590 2125 687 2157 mala
715 2125 899 2159 einander
925 2131 1116 2173 entgegen
1142 2124 1287 2159 stehen.
1332 2126 1425 2172 Vgl.
1452 2126 1560 2160 noch

103 2182 162 2214 ep.
189 2172 269 2210 565,
294 2172 328 2205 2.
355 2189 401 2194 —
427 2175 553 2216 egerit,
581 2173 802 2217 mitspielte‚
839 2174 1012 2208 verfuhr.
1042 2192 1087 2197 —
1113 2175 1271 2217 adiungi
1290 2176 1429 2218 potuit,
1458 2186 1558 2215 „um

101 2218 175 2251 wie
212 2218 302 2252 Viel
337 2218 480 2252 konnte
511 2219 617 2253 wohl
655 2220 779 2254 durch
812 2221 1041 2254 Hinzuthun
1081 2222 1397 2269 (Hinzufiigung)
1434 2221 1559 2256 dieses

101 2265 280 2313 einzigen
306 2267 499 2300 Verlustes
526 2268 636 2301 iener
667 2279 706 2302 so
741 2280 868 2316 grosse
903 2269 981 2301 und
1013 2269 1193 2315 gerechte
1232 2260 1415 2303 Sefhmerz
1450 2268 1557 2302 noch

101 2313 298 2346 vermehrt
322 2313 478 2347 werden
492 2316 536 2346 ’.Μ
584 2316 709 2349 Ueber
734 2317 795 2350 das
825 2317 990 2360 Particip
1024 2318 1087 2349 fiir
1113 2317 1175 2351 ein
1200 2316 1322 2350 Subst.
1359 2318 1426 2349 auf
1454 2329 1558 2364 ung

100 2372 127 2393 s.
155 2359 300 2393 Ramsh.
327 2363 353 2404 ξ).
383 2364 463 2403 171,
490 2363 561 2403 111,
587 2364 622 2403 2,
650 2365 695 2397 N.
723 2368 756 2399 3.
788 2383 835 2389 -—
871 2371 939 2397 aut
963 2366 1027 2409 qui
1061 2364 1103 2397 in
1128 2364 1257 2411 Bezug
1291 2366 1358 2397 auf
1385 2368 1554 2406 animus3

99 2407 298 2441 vielleicht
332 2409 422 2442 aber
459 2415 545 2443 statt
579 2410 648 2455 qui'
671 2424 742 2445 non
780 2423 827 2444 z:
864 2412 1065 2455 quomodo,
1105 2423 1174 2444 cur
1207 2423 1294 2445 non.
1336 2411 1371 2446 S.
1398 2412 1553 2446 Ramsh..

99 2456 126 2498 §.
156 2457 235 2497 185,
263 2456 307 2488 Ν.
328 2461 357 2490 1.
378 2475 423 2481 —
450 2461 487 2492 in
514 2469 588 2491 oin.
619 2459 712 2494 Cdd.
740 2459 830 2504 aliq.
860 2461 1079 2507 Mart.-Lag.
1107 2459 1195 2494 Sch.
1227 2461 1297 2498 ΟΒ,
1317 2479 1364 2484 -
1390 2463 1554 2502 exercit..

98 2503 366 2538 zerarbeitetes
401 2505 512 2539 Herz.
555 2525 602 2530 ——
649 2510 790 2548 callere,
838 2507 1036 2540 verh'zirtet
1085 2508 1182 2548 sein,
1229 2507 1462 2541 obduruisse.
1505 2526 1552 2534 —·

97 2553 221 2584 omnia
247 2554 399 2585 minoris
424 2556 649 2596 existimare,
689 2555 782 2588 alles
812 2555 959 2588 Andere
995 2555 1251 2602 ertr'ziglicher
1276 2555 1431 2595 finden,
1468 2566 1551 2588 we-

98 2598 224 2645 niger,
265 2599 449 2646 gel-inger
485 2601 634 2635 achten.
684 2603 747 2636 Sic
783 2603 859 2637 Md.
897 2604 1012 2646 Neap.
1049 2603 1186 2636 Graev.
1223 2602 1321 2635 Lall.
1355 2606 1551 2637 aestimare

96 2645 233 2679 Ceteri.
264 2649 337 2680 ΟΒ.
385 2648 469 2693 Vgl.
497 2649 609 2683 Beier
642 2662 688 2682 zu
717 2650 850 2683 Cicero
887 2650 931 2684 de
959 2650 1085 2686 Officc.
1115 2650 1343 2695 Oudendorp
1369 2662 1417 2683 zu
1444 2651 1547 2685 Caes.

95 2692 132 2725 B.
161 2694 204 2726 G.
233 2695 304 2735 111,
331 2696 386 2729 20.
416 2696 462 2735 V,
490 2699 546 2731 13.
