1795 3081
491 53 807 101 EPISTULA
848 54 1083 102 CCCCL:
1454 60 1515 105 97

221 173 538 222 EPISTOLA
575 172 796 221 CCCCL.
868 173 949 231 (ad
985 176 1095 222 Div.
1134 176 1212 223 lX.
1252 178 1349 235 16).

119 262 200 296 scr.
230 262 271 295 in
297 261 534 301 Tusculano,
563 271 696 294 mense
723 259 891 301 Quintili
919 263 959 297 A.
987 263 1034 296 U.
1061 264 1098 297 c.
1125 266 1207 299 708.
1233 266 1280 309 (a.
1310 266 1348 299 c,
1376 267 1449 307 46.)

12 314 15 374 s
58 333 233 366 Ostendit
259 333 363 366 nihil
390 344 408 365 a
435 343 472 366 se
498 332 811 376 praetermissum
845 332 885 364 in
913 333 1231 369 Caesarianorum
1268 338 1515 371 concilianda

13 390 15 406 ;
60 381 131 413 sibi
159 380 448 420 benevolentia,
488 391 561 412 nec
594 380 684 412 boni
721 380 818 412 civis
844 385 909 413 aut
935 381 1118 425 sapientis
1146 383 1318 418 hominis
1345 386 1516 419 officium

12 427 15 452 ¹·
62 428 104 461 in
140 440 177 463 se
213 428 425 463 desiderari
460 439 578 473 posse.
630 425 802 460 Tandem
837 427 885 461 ad
912 428 1015 463 Paeti
1055 429 1267 466 iocationes
1299 434 1518 478 respondet.

719 478 860 510 1—10.

478 545 655 581 CICERO
682 545 871 580 PAPIRIO
899 547 1055 584 PAETO
1083 547 1117 582 S.

12 659 15 665 Α
171 618 458 661 Delectarunt
482 633 551 659 me
574 625 674 659 tuae
700 619 878 667 literae3
908 621 953 659 in
980 621 1140 674 quibus
1161 624 1351 676 primum
1381 628 1524 666 amavi

63 688 254 715 amorem
285 681 433 725 tuum,
478 676 554 728 qui
583 681 628 713 te
655 672 709 713 ad
739 674 1020 714 scribendum
1048 679 1254 718 incitavit
1281 686 1524 730 verentem,

12 744 14 763 2
66 745 120 770 ne
147 730 283 770 Silius
317 743 394 769 suo
425 731 577 772 nuntio
608 727 776 782 aliquid
807 729 912 769 mihi
941 731 1252 772 sollicitudinis
1283 734 1524 775 attulisset:

11 821 14 828 ,
65 784 118 824 de
147 799 232 839 quo
273 791 316 825 et
354 792 402 825 tu
441 785 549 823 mihi
589 791 715 823 antea
752 787 1013 838 scripseras,
1054 787 1121 826 bis
1159 787 1334 840 quidem
1376 789 1525 829 eodem

66 841 274 894 exemplo,
307 841 432 880 facile
461 845 509 878 ut
543 839 831 894 intelligerem
862 846 903 880 te
932 854 1023 880 esse
1054 850 1345 893 commotum3
1376 850 1418 883 et
1447 857 1526 898 ego

65 896 145 934 tibi
183 901 385 935 accurate
426 897 761 948 rescripseram,
792 901 842 934 ut
885 909 1057 949 quoquo
1102 897 1232 937 modo
1271 899 1316 937 in
1361 899 1441 938 tali
1479 913 1527 939 re

64 957 193 1003 atque
223 957 417 1003 tempore
454 956 530 988 aut
565 951 797 989 liberarem
829 956 871 990 te
898 951 981 991 ista
1012 965 1120 991 cura
1146 958 1223 992 aut
1253 959 1372 993 certe
1401 953 1519 995 leva-

68 1019 174 1045 rem.
260 1004 345 1045 Sed
390 1007 594 1058 quoniam
639 1007 854 1058 proximis
909 1019 1081 1059 quoque
1138 1008 1274 1047 literis
1319 1009 1568 1059 ostendis‚2

67 1066 253 1113 quantae
283 1061 365 1099 tibi
394 1073 524 1099 curae
553 1061 608 1098 sit
638 1073 686 1099 ea
716 1070 806 1110 res3
838 1062 916 1110 sic,
946 1063 1008 1100 mi
1022 1061 1160 1107 Paete,
1194 1063 1374 1102 habeto:
1407 1062 1533 1117 quid-

12 1117 14 1137 ³
68 1114 174 1169 quid
202 1122 297 1155 arte
327 1116 427 1155 fieri
459 1117 673 1168 potuerit,
712 1135 767 1143 ·—-
808 1129 894 1154 non
934 1117 1055 1155 enim
1084 1119 1172 1156 iam
1203 1121 1309 1156 satis
1338 1125 1401 1158 est
1432 1132 1533 1158 con-

11 1205 12 1210 ,
69 1171 168 1210 silio
212 1184 426 1226 pugnare:
485 1171 723 1209 artificium
763 1168 977 1222 quoddam
1021 1173 1355 1227 excogitandum
1387 1181 1451 1214 est
1480 1194 1537 1217 —.

10 1238 11 1242 ¹
72 1225 147 1266 sed
167 1231 310 1265 tamen
333 1224 542 1278 quidquid
565 1226 779 1264 elaborari
799 1231 873 1264 aut
893 1226 1011 1265 effici
1038 1229 1234 1279 potuerit
1263 1226 1316 1267 ad
1347 1231 1535 1269 istorum

10 1276 12 1282 ’
70 1282 416 1320 benevolentiam
447 1279 769 1319 conciliandum
809 1285 853 1318 et
881 1280 1198 1336 colligendum,
1241 1296 1406 1323 summo
1445 1289 1536 1324 stu-

12 1364 13 1368 ,
73 1335 146 1374 dio
184 1349 250 1374 me
294 1343 570 1374 consecutum
611 1345 723 1384 esse3
770 1348 848 1374 nec
885 1336 1074 1385 frustra,
1124 1343 1173 1376 ut
1210 1338 1428 1378 arbitror:
1474 1341 1535 1378 sic

12 1387 14 1425 l
74 1393 188 1430 enim
220 1391 361 1439 color,
410 1391 473 1428 sic
513 1390 726 1429 observor
754 1390 806 1427 ab
839 1391 1040 1429 omnibus
1069 1391 1146 1439 iis,
1191 1394 1267 1444 qui
1298 1406 1321 1431 a
1352 1394 1536 1433 Caesare

13 1437 15 1448 ἱ
76 1446 338 1499 diliguntur,
371 1450 419 1484 ut
447 1445 500 1483 ab
531 1445 583 1482 iis
615 1457 682 1483 me
712 1446 849 1482 amari
879 1450 1038 1497 putem.
1071 1445 1264 1485 Tametsi
1294 1461 1378 1486 non
1408 1446 1536 1487 facile

13 1541 15 1547 Α
76 1500 345 1540 diiudicatur
387 1512 507 1538 amor
548 1512 678 1538 verus
724 1505 766 1537 et
809 1500 964 1548 fictus,
1019 1501 1105 1539 nisi
1145 1501 1324 1554 aliquod
1368 1503 1538 1543 incidat

75 1622 188 1667 sange
224 1619 287 1652 des
323 1617 444 1651 Iulius
479 1618 732 1665 geschrieben
767 1619 835 1658 ist,
872 1618 999 1666 erg-ibt
1034 1619 1118 1653 sich
1152 1632 1215 1654 aus
1244 1622 1535 1661 denNVorten:

10 1685 15 1714 ἑ
75 1670 239 1701 Tironem
273 1669 358 1700 misi
390 1667 603 1699 Dolabellae
638 1669 790 1700 obviam.
855 1667 967 1700 Ch'sar
1004 1666 1091 1700 kam
1130 1674 1207 1701 erst
1241 1682 1300 1702 am
1326 1672 1382 1706 26.
1412 1667 1535 1705 ΙῖιΙὶιις

77 1715 177 1748 nach
203 1715 297 1747 Rom
324 1714 458 1746 zuriik.
522 1714 722 1747 Dolabella
748 1714 854 1748 hatto
888 1714 958 1747 ihn
986 1713 1041 1748 im
1069 1715 1366 1752 Afrikanischen
1393 1719 1536 1767 Kriege

12 1805 14 1807 Ι
75 1763 269 1810 begleitet.
310 1761 345 1795 S.
373 1761 419 1794 ad
445 1761 592 1795 Divers.
622 1762 681 1801 lx,
708 1765 741 1797 7.

169 1823 211 1856 L.
239 1821 434 1856 PAPIRIO
461 1821 629 1855 PAETO.
681 1820 715 1854 S.
744 1834 791 1855 zu
819 1833 874 1866 ep.
905 1822 1104 1861 CCXLVI.
1134 1823 1187 1857 im
1215 1825 1303 1861 Anf.

172 1874 204 1904 1.
258 1871 370 1903 Silius
404 1869 518 1903 dubio
555 1870 693 1913 procul
730 1876 785 1903 est
823 1870 912 1910 ille,
958 1872 1025 1914 qui
1063 1879 1296 1916 propraetor
1329 1873 1537 1918 Bithyniae

13 1924 15 1935 “
61 1921 210 1955 ,ῐιιρνειῒ
243 1926 280 1951 et
315 1918 361 1950 ad
393 1928 507 1960 quem
543 1917 709 1961 scriptae
744 1923 831 1950 sunt
865 1919 1049 1961 epistolae
1076 1921 1157 1954 23³..
1183 1922 1264 1955 251.
1317 1921 1352 1954 Is
1380 1923 1538 1956 fortasse

80 1967 260 1999 nuntium
289 1965 334 1999 de
361 1964 526 1997 victoria
537 1965 708 1998 Caesaris
735 1964 775 1997 in
791 1965 920 1997 Africa
949 1973 984 1999 et
1005 1966 1048 1999 de
1070 1967 1150 2000 eius
1172 1969 1336 2003 adventu
1359 1970 1539 2013 proxime

81 2012 335 2058 exspectando
360 2012 553 2046 attulerat.
605 2012 713 2046 Fieri
750 2012 865 2046 etiam
894 2013 1040 2057 potuit,
1078 2021 1121 2047 ut
1147 2016 1326 2059 quasdam
1356 2017 1538 2050 Ciceroni

81 2067 257 2095 moveret
284 2059 519 2104 suspiciones
547 2060 591 2093 de
619 2066 764 2094 mutata
791 2060 962 2093 Caesaris
989 2072 1080 2107 erga
1114 2062 1226 2096 illum
1255 2064 1538 2098 benevolentia.

81 2110 181 2142 SCH.
208 2126 252 2133 —
280 2110 333 2141 bis
358 2107 497 2152 quidem
524 2108 596 2142 eod.
624 2120 673 2140 ex.
702 2108 782 2141 und
808 2119 914 2141 zwar
941 2119 992 2147 so,
1020 2109 1100 2142 dass
1121 2111 1179 2143 Du
1207 2112 1295 2145 eine
1322 2111 1541 2158 gleichlau-

80 2158 196 2190 tende
212 2155 409 2189 Abschrift
438 2156 516 2189 mir
541 2155 765 2190 schicktest.
788 2174 833 2180 —
855 2161 1082 2199 commotum,
1110 2158 1272 2206 besorgt.
1294 2177 1340 2184 —
1359 2165 1540 2201 accurate,

82 2203 334 2238 aussiihrlich.

177 2254 209 2285 2.
260 2255 441 2296 quoniam.
493 2249 528 2284 S.
557 2262 612 2294 ep.
640 2252 722 2291 2147,
751 2254 780 2286 1.
821 2271 867 2275 —
908 2252 1054 2293 habeto,
1089 2264 1128 2287 so
1156 2254 1210 2287 sei
1237 2253 1466 2288 versichert.
1494 2270 1540 2279 —-

80 2302 257 2346 potuerit.
285 2298 347 2332 Sic
367 2299 467 2333 Crat.
485 2298 614 2332 Lamb.
644 2301 735 2334 1566
759 2307 795 2332 et
816 2299 981 2347 Madvig.
1011 2304 1040 2335 1.
1069 2312 1105 2344 p.
1135 2304 1213 2336 193.
1238 2306 1380 2346 poter-it
1407 2302 1539 2335 Ceteri

85 2359 173 2381 cum
192 2347 262 2380 Md.
294 2347 365 2379 OR.
394 2366 439 2371 —
465 2349 555 2381 satis
584 2352 635 2380 cst
660 2347 741 2381 scil.
770 2347 831 2380 his
859 2348 998 2380 nostris
1026 2349 1278 2392 temporibus.
1306 2369 1351 2374 —
1376 2352 1539 2389 consilio,

86 2396 158 2428 mit
174 2393 360 2442 Klugheit
375 2394 456 2427 sich
475 2395 600 2428 seiner
616 2395 715 2428 Haut
732 2407 777 2427 zu
794 2395 965 2428 wehren.
984 2414 1029 2418 —
1044 2398 1189 2440 artffie,
1219 2399 1306 2430 eine
1320 2397 1541 2430 kiinstliche

87 2442 444 2486 Handlungsweise.
474 2461 512 2466 —
542 2444 603 2475 sed
626 2448 756 2476 tamen.
808 2443 954 2489 Figura
981 2445 1230 2488 epanalepsis.
1267 2444 1300 2478 S.
1328 2444 1479 2478 Ramsh.
1508 2448 1538 2485 ς.

86 2493 176 2529 206,
204 2489 244 2528 Β,
270 2492 302 2524 6.
332 2508 372 2514 -—
404 2493 575 2530 istorum,
615 2491 944 2524 Caesarianorum.
982 2493 1105 2525 concil.
1142 2498 1176 2525 et
1201 2494 1320 2537 colllg.
1372 2492 1436 2525 Sic
1463 2493 1540 2525 Md.

88 2538 191 2572 Vict.
226 2540 257 2571 1.
292 2539 326 2572 2.
365 2538 506 2570 Bened.
548 2548 596 2568 Ξ
642 2538 907 2571 conciliandam
946 2543 980 2570 et
1018 2540 1258 2584 colligendam
1293 2539 1434 2572 Ceteri.
1471 2541 1538 2573 cfr.

89 2586 186 2618 Ern.
214 2585 259 2617 ad
277 2583 432 2617 Sueton.
461 2584 570 2618 Otho.
596 2587 633 2620 7.
664 2586 737 2618 ΟΒ.
754 2597 943 2619 -εοηειτ,
972 2597 1052 2626 esse,
1080 2599 1128 2620 zu
1156 2586 1354 2621 erstreben
1381 2587 1543 2633 gesticht

88 2632 314 2665 habe—ab
341 2644 434 2665 omn.
464 2636 522 2669 iis.
548 2631 612 2665 Sic
640 2633 715 2668 Md.
744 2634 861 2678 Neap.
883 2633 984 2666 Crat.
1016 2633 1121 2667 Vict.
1147 2636 1178 2669 2.
1207 2634 1336 2667 Lamb.
1363 2633 1418 2667 his
1444 2634 1541 2667 Cett.

91 2698 132 2705 —
159 2681 283 2714 abiis.
321 2680 386 2714 sic
414 2680 552 2724 scripsi
577 2690 624 2711 =
649 2684 699 2715 cis
724 2681 840 2725 Neap,
870 2681 970 2715 Crat.
998 2680 1126 2715 Lamb.
1154 2682 1209 2715 his
1236 2681 1335 2716 Cett.
1361 2692 1450 2715 cum
1465 2681 1542 2715 Md.

135 2751 213 2787 Cic.
230 2751 361 2785 Briefe
376 2764 408 2785 v,
425 2751 584 2785 Billerb.
614 2751 684 2786 111.
1187 2744 1212 2782 7
