1795 3081
241 84 336 131 33ss
521 82 585 128 Μ.
623 82 673 128 Τ.
712 80 1056 130 CICERONIS
1091 82 1469 132 EPISToLAE.

239 207 307 243 sin
339 204 496 251 minus,
536 214 590 239 ne
620 213 759 253 parvo
792 200 967 253 quidem
1008 215 1248 255 possumus.
1309 203 1512 244 Clodiam
1542 206 1708 260 igitur5

240 274 266 298 a
296 272 381 311 qua
412 260 505 310 ipsa
536 257 590 294 ol)
622 269 716 294 eam
747 269 921 296 eausam
951 271 1131 311 sperare
1161 257 1334 310 videor,
1366 258 1484 311 quod
1506 266 1549 298 et
1568 262 1708 300 multo

239 314 426 354 minoris
456 318 557 351 sunt,
592 318 636 350 et
664 310 927 352 Dolabellae
963 326 1123 351 nomen
1160 314 1248 352 iam
1289 313 1543 366 expeditum
1583 315 1708 355 vide-

241 377 329 418 tur,
360 374 410 406 ut
438 368 570 407 eliam
602 369 1006 419 repraesentatione
1038 367 1266 407 confidam.
1318 369 1384 407 De
1415 369 1558 408 hortis
1586 372 1705 409 satis.

240 424 347 463 Cras
378 429 453 461 aut
482 429 525 461 ie
555 427 631 461 aut
661 434 862 471 oausam3
906 422 935 475 -ι-
964 436 1094 477 quam
1134 422 1311 476 quidem
1349 427 1544 464 futuram
1574 426 1707 465 Fabe-

240 481 421 518 rianam.
480 476 582 530 Sed,
613 477 649 516 si
679 478 858 530 poteris.

801 581 883 588 *—

430 665 744 716 EPISTOLA
780 664 933 716 DXC.
990 667 1073 728 (ad
1109 669 1213 717 An.
1249 669 1376 717 xm.
1413 669 1512 729 30.)

314 755 394 790 scr.
424 756 465 788 in
492 756 709 790 Tusculano
735 755 796 790 vl.
825 756 905 792 Kal.
934 756 1064 800 Quint.
1092 758 1132 794 A.
1161 759 1205 794 U.
1234 758 1273 794 c.
1300 761 1379 795 709.
1407 759 1455 801 (a.
1484 758 1526 793 c.
1552 758 1631 799 45.)

238 827 292 861 De
320 827 358 869 Q.
390 826 585 861 Ciceronis
614 828 800 872 epistolis.
828 831 860 863 1.
895 828 940 862 de
967 829 1142 863 auctione
1170 834 1208 863 et
1235 829 1390 876 negotio
1417 830 1640 867 Faberiano.
1666 832 1699 866 2.

350 875 517 920 denique
546 877 709 921 quaerit,
747 875 811 919 qui
840 876 971 910 decem
999 878 1117 924 legati
1144 877 1324 911 Mummio
1351 878 1509 913 fuerint.
1545 881 1578 914 3.

730 947 909 982 CICERO
947 948 1127 983 ATTICO
1161 949 1197 983 S.

345 1020 573 1060 Ciceronis
604 1020 836 1072 epistolam
878 1021 962 1060 tibi
999 1022 1164 1061 remisi.
1234 1021 1269 1060 Ο
1299 1028 1343 1061 te
1371 1022 1582 1073 ferreum,
1626 1024 1702 1075 qui

235 1075 357 1113 illius
388 1075 600 1127 periculis
629 1088 718 1114 non
758 1077 977 1116 moveris!
1038 1077 1114 1116 Me
1145 1090 1318 1130 quoque
1347 1084 1537 1118 accusat.
1596 1077 1701 1118 Eam

233 1131 318 1169 tibi
349 1131 580 1182 epistolam
610 1131 802 1171 misisse!
858 1131 973 1170 Nam
1004 1133 1127 1172 illam
1159 1133 1345 1172 alteram
1383 1131 1436 1172 de
1468 1133 1597 1172 rebus
1627 1146 1699 1188 ge—

233 1186 312 1224 stis
343 1185 496 1225 eodem
527 1187 726 1239 exemplo
764 1192 883 1240 pute.
952 1187 1000 1226 In
1041 1187 1285 1228 Cumanum
1326 1187 1458 1227 hodie
1497 1189 1598 1227 misi
1635 1195 1700 1227 ta-

231 1323 435 1357 berianum
465 1324 646 1368 explicas
685 1325 833 1374 bringst
861 1326 920 1359 Du
945 1326 1032 1369 ¹mir
1067 1325 1156 1360 aber
1190 1326 1249 1360 die
1276 1326 1457 1374 Zahlung
1492 1326 1555 1360 des
1582 1326 1697 1359 Fabe-

231 1372 311 1405 rius
339 1371 448 1404 nicht
473 1384 521 1404 zu
547 1372 696 1406 Stande.
722 1393 769 1398 —
808 1377 996 1419 possumus
1023 1386 1150 1408 emere
1176 1373 1309 1408 hortos
1336 1375 1424 1408 illos
1451 1374 1695 1418 Scapulanos.

230 1438 276 1444 —-
305 1420 471 1453 Clodiam
498 1422 618 1466 igiZur
642 1422 724 1456 scil.
753 1422 826 1464 adi,
865 1423 1076 1470 aggredere
1109 1425 1167 1463 (ut
1195 1434 1251 1467 ep.
1280 1425 1364 1464 590)
1400 1427 1450 1463 et,
1485 1422 1617 1456 hortos
1655 1428 1698 1454 ut

231 1467 374 1501 vendat
399 1468 511 1509 mihi,
537 1468 693 1512 perfice.
741 1469 860 1515 Spero
890 1472 993 1504 enim
1021 1482 1082 1504 ine
1109 1481 1169 1504 eos
1197 1482 1324 1504 emere
1352 1470 1548 1504 commode
1574 1481 1694 1514 posse,

229 1515 333 1560 quod
371 1521 407 1549 et
445 1516 618 1559 minoris,
654 1529 768 1561 quaxn
804 1517 1048 1563 ScapulanOS,
1090 1530 1216 1553 emere
1251 1524 1386 1562 potero
1422 1524 1459 1552 et
1492 1518 1694 1563 pecuniam

227 1563 357 1598 statim
384 1574 494 1608 spero
520 1575 581 1598 me
607 1567 756 1600 solvere
780 1578 899 1610 posse.
934 1567 1155 1601 ERNESTJ.
1202 1567 1294 1614 Vgl.
1324 1577 1379 1610 ep.
1406 1569 1488 1608 582,
1515 1568 1549 1601 2.
1575 1585 1622 1591 —
1657 1572 1693 1600 et

227 1613 443 1646 Dolabellae
471 1612 495 1647 i.
526 1623 557 1645 e.
587 1617 623 1646 et
648 1614 859 1653 Dolabella,
887 1626 1000 1659 quain
1025 1614 1228 1660 pecuniam
1256 1614 1378 1654 debet,
1414 1615 1488 1647 iam
1517 1626 1596 1647 eam
1625 1625 1693 1647 no-

228 1660 285 1693 bis
312 1660 445 1694 solvet.
496 1659 662 1694 Debebat
696 1667 820 1696 autem
859 1674 906 1696 ex
941 1663 1027 1696 dote
1061 1662 1262 1696 Tulliolae.
1299 1662 1476 1696 MANUT.
1516 1662 1602 1709 Vgl.
1632 1673 1688 1706 ep.

225 1710 308 1742 551.
336 1727 382 1733 —
408 1712 736 1752 repraesentatione
763 1711 952 1754 confidam,
989 1716 1031 1743 ut
1056 1722 1116 1744 me
1142 1710 1347 1754 pecuniam
1374 1710 1456 1743 sine
1482 1720 1589 1742 mora
1618 1722 1689 1743 nu-

226 1767 375 1789 merare
408 1767 516 1800 posse
549 1767 711 1800 sperem.
748 1759 848 1794 SCH.
885 1777 931 1784 -—
968 1760 1057 1793 Cras
1082 1764 1149 1791 aut
1174 1763 1207 1790 te
1235 1762 1411 1802 exspecto
1438 1763 1506 1791 aut
1531 1770 1690 1797 causam,

226 1815 298 1837 cur
323 1814 403 1836 non
429 1804 599 1845 veneri53
626 1816 777 1839 causam
804 1811 944 1848 autem,
973 1818 1068 1850 quae
1087 1811 1124 1840 te
1142 1810 1328 1847 moretur,
1355 1804 1455 1838 hanc
1472 1810 1565 1849 puto
1592 1807 1687 1848 fore,

224 1857 268 1885 ut
300 1852 502 1896 pecuniam
529 1852 659 1900 exigas
685 1866 704 1886 a
730 1854 903 1888 Faberio.
943 1855 1124 1888 MANUT.
1161 1853 1350 1901 Zugleieh
1378 1853 1463 1887 eine
1490 1854 1591 1887 feine
1617 1854 1689 1886 Er-

226 1900 443 1946 innerung!
470 1919 516 1925 —
552 1900 574 1944 †
594 1913 703 1947 quam
736 1904 879 1948 quidem
903 1901 1090 1946 futuram.
1141 1901 1297 1936 Soloeca
1330 1901 1424 1935 haee
1464 1912 1535 1934 nec
1570 1901 1688 1935 ullius

225 1947 373 1992 ellipsis
400 1948 641 1983 adminiculo
669 1949 916 1986 defendenda.
968 1951 1095 1999 Lego:
1133 1962 1240 1996 quam
1266 1950 1367 1983 video
1385 1950 1574 1993 futuram.
1626 1949 1688 1984 Sic

224 1996 308 2029 Lib.
334 1997 392 2032 12.
427 1997 497 2041 Ep.
532 1999 596 2033 30:
640 1999 781 2044 quidem
819 2005 857 2033 et
890 2000 969 2034 vide
1006 1999 1158 2033 confusa
1193 1997 1372 2033 vidimus.
1415 1998 1606 2033 ORELLL
1645 2017 1685 2023 -

224 2045 303 2086 Sed,
330 2047 364 2078 si
387 2048 539 2089 poteris,
566 2045 650 2079 scil.
679 2047 819 2081 venies.

317 2119 348 2150 1.
402 2116 595 2157 Ciceronis,
633 2130 788 2152 unseres
821 2119 960 2153 Neffen
997 2119 1142 2153 Cicero.
1208 2119 1247 2161 Q.
1287 2118 1420 2153 Cicero
1462 2117 1562 2150 filius
1597 2118 1685 2151 duas·

222 2164 399 2208 epistolas
433 2164 479 2197 ad
514 2165 684 2198 Atticum
721 2167 900 2207 miserat3
938 2179 1051 2200 unam
1086 2168 1127 2200 in
1163 2178 1237 2211 qua
1272 2166 1461 2200 referebat
1500 2166 1685 2210 pericula,

221 2223 316 2255 quae
342 2213 384 2244 in
410 2212 594 2257 Hispania
621 2214 812 2254 subierat3
848 2216 1009 2249 alteram
1044 2216 1089 2249 de
1125 2215 1236 2248 rebus
1274 2215 1313 2246 in
1342 2213 1528 2258 Hispania
1557 2215 1684 2261 gesiis.

220 2261 394 2294 POPMA.
419 2279 465 2285 —
492 2264 556 2307 qui
579 2264 682 2296 illius
704 2265 887 2307 periculis.
915 2264 1062 2295 Atticus
1086 2263 1190 2297 enim
1215 2262 1261 2295 ad
1281 2262 1506 2295 Ciceronem
1527 2262 1684 2306 scripse-

219 2313 291 2350 rat,
320 2308 503 2351 Quintum
530 2309 653 2343 filium
680 2311 854 2355 pericula
891 2311 930 2344 in
967 2311 1069 2344 bello
1107 2310 1351 2355 Hispaniensi
1389 2309 1578 2343 exantlata
1612 2310 1685 2341 mi-

219 2356 335 2389 litum
363 2356 623 2403 gloriosorum
650 2370 756 2392 more
785 2359 899 2393 nimis
927 2360 969 2392 in
992 2360 1114 2392 literis
1131 2359 1177 2391 ad
1200 2370 1286 2392 eum
1309 2358 1402 2390 (latis
1423 2368 1680 2404 exaggerasse.

219 2405 320 2438 SCH.
355 2423 403 2429 —
437 2412 584 2438 accusat
615 2406 654 2438 in
694 2407 855 2451 epistola
893 2407 939 2440 ad
977 2419 1037 2440 me
1077 2407 1231 2450 scripta.
1277 2406 1375 2438 SCH.
1412 2425 1457 2430 —
1491 2407 1588 2438 Eam
1615 2407 1684 2438 tila·

218 2454 412 2497 epistolam
437 2456 601 2487 misisse!
640 2455 736 2488 Nam
765 2457 1047 2500 ill(117?...pztt0.
1100 2454 1161 2488 Sic
1197 2454 1262 2487 Cd.
1298 2453 1442 2486 docui-t.
1478 2453 1557 2486 Bos.
1593 2452 1683 2486 Son-

218 2501 337 2533 fentia
372 2507 445 2534 est:
491 2513 579 2543 „me
623 2514 774 2546 quoque
817 2509 967 2536 accusat
1007 2504 1047 2535 in
1083 2503 1164 2536 istis
1199 2502 1337 2539 literis,
1386 2512 1477 2544 quas
1513 2500 1678 2534 remitto.

216 2549 411 2591 Quomodo
438 2554 565 2583 autem
592 2555 671 2582 tam
699 2551 895 2583 absurdam
933 2551 1133 2595 epistolam
1169 2550 1236 2582 tibi
1274 2550 1427 2582 mittere
1464 2560 1571 2581 ausus
1606 2550 1678 2581 est!

216 2595 387 2630 Alteram
415 2608 520 2638 vero,
555 2609 669 2641 quam
697 2599 766 2631 tibi
802 2599 907 2631 misit
942 2599 987 2632 de
1023 2599 1133 2632 rebus
1160 2597 1273 2645 gestis
1311 2596 1479 2630 eiusdem
1516 2597 1681 2644 generis,

215 2645 405 2678 similibus
433 2646 589 2690 ineptiis
616 2647 798 2680 refertam
831 2648 903 2687 (sic
931 2648 1032 2680 enim
1059 2646 1095 2679 h.
1128 2646 1153 2678 l.
1182 2644 1474 2689 interpretanda
1499 2657 1532 2678 v.
1561 2646 1680 2677 cosam

215 2695 393 2737 (xtemplo)
427 2706 504 2727 esse
530 2699 635 2737 puto,
677 2705 745 2727 nec
782 2706 874 2738 opus
910 2700 977 2733 esf,
1018 2699 1058 2727 ut
1094 2705 1173 2727 eam
1213 2704 1365 2726 mecum
1404 2693 1676 2725 communices.

214 2741 260 2775 In
295 2741 380 2775 lect.
422 2741 498 2774 Md.
536 2743 629 2775 Vict.
666 2742 796 2774 Lamb.
840 2743 975 2776 Graev⁴
1015 2744 1108 2775 Γηίι.
1149 2741 1273 2775 omnia
1310 2740 1437 2772 biam:
1482 2742 1577 2773 Eam
1614 2741 1680 2771 [ibi
