1795 3081
205 91 301 137 332
475 85 538 130 M.
577 84 627 128 ¹1¹.
668 80 1017 128 CICERONIS
1055 79 1429 129 EPISTULA&

204 217 330 251 antea
359 208 469 247 nihil
499 205 775 256 scripserim.
808 203 1161 241 existimaturum
1197 214 1289 247 me,
1322 206 1405 242 nisi
1435 211 1525 244 toto
1556 205 1669 243 ben«,

201 268 428 312 confecto,
458 260 571 300 nihil
610 260 881 312 scripturum
918 257 1064 295 fuisso.
1138 256 1282 308 Atque
1322 262 1455 298 etiam
1496 273 1668 308 vercor,

205 335 259 361 ne
299 324 427 372 putet
467 329 535 354 me
574 315 657 353 hoc
702 314 824 366 quasi
866 312 1042 350 Catonis
1079 308 1286 365 μείλιγμα
1326 327 1419 354 esse
1463 315 1667 355 voluisse.

203 374 324 416 Ouid
359 372 566 428 quaeris?
623 368 767 408 Valde
806 381 876 406 me
914 367 1180 419 poenitebat:
1229 382 1308 408 nec
1349 370 1457 408 mihi
1500 371 1547 408 in
1590 370 1669 407 hac

205 418 384 484 {uidem
427 440 476 466 re
518 422 757 478 quidquam
795 424 936 476 magis
978 427 1028 459 ut
1065 422 1224 461 vellem
1267 424 1468 464 accidere
1507 425 1667 478 potuit,

203 499 336 540 quam
362 480 480 537 quod
508 474 680 534 onom»)
712 483 862 516 nostra
892 490 977 515 non
1008 482 1072 515 est
1102 478 1296 529 probata,
1355 479 1668 519 Incidissemus

160 543 336 593 2etian1
365 541 411 578 in
441 537 564 580 illos,
595 535 642 572 in
672 535 733 573 eis
762 534 807 571 in
839 537 1070 587 cognatum
1114 539 1254 571 tuum.
1325 532 1411 573 Sed
1450 534 1580 574 redeo
1615 533 1671 572 ad

202 599 370 636 hortos.
421 593 557 632 Plane
585 589 692 629 illuc
722 593 765 627 te
794 589 861 626 ire
892 588 977 626 nisi
1006 593 1081 626 tuo
1111 601 1267 643 magno
1299 589 1525 629 commodo
1555 590 1667 628 nolo.

204 652 332 692 Nihil
362 651 478 689 enim
506 651 647 700 urget.
708 641 935 695 Quidquid
965 643 1063 687 erit,
1095 656 1274 696 operam
1306 646 1352 683 in
1384 645 1564 684 Faberio
1594 658 1670 698 po-

202 719 372 746 namus.
432 703 498 742 De
529 698 598 739 die
639 706 785 739 tamen
831 699 1073 742 auctionis,
1132 700 1167 737 si
1212 698 1316 751 quid
1361 702 1484 739 scies.
1543 700 1668 746 Eum,

202 764 280 815 qui
324 775 346 800 e
392 758 588 799 Cumano
632 759 835 802 venerat,
881 750 999 804 quod
1042 759 1086 790 et
1126 754 1255 805 plane
1296 755 1448 795 valere
1477 755 1670 794 Atticam

202 816 434 859 nuntiabat
464 819 506 853 et
535 811 686 852 literas
716 822 762 850 se
792 807 954 849 habere
982 808 1141 858 aiebat,
1173 810 1318 849 statim
1348 809 1403 850 ad
1432 817 1476 850 te
1505 812 1616 849 misi.

283 1017 603 1072 EPISTOLA
638 1015 1010 1069 DLXXXVIII.
1060 1017 1143 1077 (ad
1177 1016 1280 1065 Att.
1315 1015 1451 1065 XIII.
1487 1017 1589 1074 28.)

263 1114 344 1148 scr.
372 1112 415 1145 in
439 1109 658 1144 Tusculano
684 1107 766 1142 vn.
795 1107 878 1141 Kal.
906 1108 1037 1150 Quint.
1065 1109 1108 1141 A.
1135 1107 1181 1141 U.
1212 1106 1250 1141 c.
1279 1109 1359 1143 709.
1396 1108 1443 1149 (a.
1467 1106 1506 1141 e.
1532 1108 1610 1148 45.)

204 1187 426 1232 Exspectat,
454 1181 547 1225 quid
577 1180 623 1213 de
649 1178 774 1212 hortis
789 1179 916 1212 Attico
944 1180 1070 1212 visum
1097 1179 1162 1214 sit.
1191 1183 1224 1212 1.
1253 1179 1298 1213 de
1326 1180 1488 1223 epistola
1515 1180 1559 1213 ad
1578 1179 1669 1213 Cac-

454 1240 579 1264 sarem
605 1226 842 1268 omittenda3
871 1228 916 1262 de
943 1228 1079 1260 Niciae
1106 1227 1283 1262 discessu.
1311 1229 1428 1264 2—3.

711 1298 891 1333 CICERO
919 1298 1099 1333 ATTICO
1127 1298 1162 1333 S.

253 1416 255 1419 .
313 1377 482 1417 Hortos
513 1373 721 1427 quoniam
749 1371 878 1412 hodie
908 1385 1005 1411 eras
1036 1373 1338 1426 inspecturus,
1384 1371 1492 1425 quid
1526 1373 1670 1412 visum

204 1434 301 1479 tibi
321 1435 392 1482 sit,
422 1443 518 1469 cras
547 1429 730 1468 scilicet.
789 1428 856 1467 De
885 1427 1069 1467 Faberio
1111 1434 1274 1474 autem,
1317 1440 1451 1482 quum
1481 1429 1668 1467 venerit.

205 1557 349 1601 aliquis
375 1556 421 1589 ad
448 1554 558 1588 illius
585 1552 627 1585 in
655 1563 718 1585 me
739 1551 1052 1584 benevolentiam
1075 1552 1252 1584 cumulus
1274 1552 1455 1592 accedat),
1485 1551 1670 1584 damnum

205 1612 336 1639 autem
352 1604 416 1637 vel
435 1614 513 1636 non
533 1612 717 1647 magnum
739 1599 946 1632 molestum
959 1601 1136 1632 futurum
1149 1600 1195 1632 sit
1212 1601 1311 1641 (scil.
1327 1601 1357 1632 si
1371 1600 1482 1633 C'zisar
1496 1600 1557 1632 vel
1573 1600 1670 1633 levi-

206 1661 268 1687 ter
282 1651 512 1696 quibusdam
533 1648 720 1693 epistolae
741 1658 848 1680 meae
867 1647 962 1680 locis
982 1647 1240 1688 offendutur);
1270 1649 1364 1691 quid
1384 1659 1476 1691 opus
1495 1653 1549 1680 est
1566 1647 1670 1691 peri-

208 1699 341 1735 clitari
379 1712 406 1733 s.
432 1706 578 1732 temere
605 1706 666 1729 me
692 1694 871 1738 periculo
908 1694 1105 1728 obiicere?
1145 1696 1242 1729 SCH.
1284 1696 1412 1729 Ueber
1446 1707 1534 1739 opus
1560 1700 1611 1728 cst
1638 1706 1669 1727 c.

208 1748 355 1783 infinit.
395 1759 422 1780 s.
450 1745 600 1779 Grotef.
628 1747 657 1785 ἓ.
683 1745 766 1782 257,
793 1745 826 1783 3,
855 1744 968 1775 Anni.
993 1746 1025 1776 1.
1072 1742 1223 1777 Ramsh.
1253 1746 1284 1784 §.
1314 1746 1393 1783 1541,
1420 1744 1454 1782 2,
1481 1744 1526 1778 Ν.
1555 1746 1587 1778 3.
1623 1762 1670 1767 —

207 1809 272 1831 nec
297 1796 423 1828 nisit.
452 1794 481 1825 h.
509 1790 676 1836 consecto
712 1792 735 1825 i.
772 1802 800 1824 e.
838 1801 900 1823 me
940 1795 1173 1835 exspectasse
1217 1793 1366 1824 exitum
1405 1791 1670 1834 Hispaniensis

207 1844 318 1884 belli,
347 1841 488 1875 deiude
514 1840 732 1884 scripsisse3
760 1837 1007 1881 quasi'antea
1034 1838 1120 1871 ideo
1141 1849 1216 1871 non
1239 1840 1478 1882 scripserim,
1505 1839 1607 1882 quod
1624 1840 1669 1871 de

206 1890 531 1935 Pompeianorum
558 1888 724 1921 victoria
749 1885 998 1930 speraverim.
1038 1887 1153 1920 MAN.
1182 1906 1227 1910 —
1264 1889 1447 1932 μείλιχαιι,
1474 1887 1669 1919 lenimen-

206 1948 302 1974 tum.
354 1937 514 1971 Sensus:
551 1947 597 1969 ne
633 1941 746 1979 putet
779 1945 840 1967 me
876 1933 921 1966 ob
949 1945 1032 1967 eam
1062 1946 1210 1967 causam
1238 1934 1339 1968 hanc
1366 1935 1438 1968 sibi
1466 1935 1669 1978 epistolam

208 1988 370 2028 misisse,
397 1991 441 2018 ut
465 1984 541 2017 hoc
568 1984 676 2027 quasi
702 1993 868 2015 munere
896 1992 983 2014 eum
1009 1983 1221 2027 placarem.
1247 1984 1461 2016 alienatum
1491 1993 1532 2015 eo
1554 1983 1669 2023 libro,

207 2046 324 2079 quem
364 2033 502 2075 scripsi
540 2031 586 2063 de
622 2030 799 2063 laudibus
839 2029 1003 2063 Catonis.
1052 2029 1237 2065 MANUT.
1281 2031 1364 2065 Vid.
1401 2042 1458 2075 ep.
1486 2030 1667 2067 DLXVll,

209 2081 353 2123 DLXX,
380 2083 411 2114 4.
439 2079 638 2113 DLXXIV.
667 2077 850 2118 DLXXV,
879 2080 912 2112 3.
950 2097 990 2103 -
1037 2092 1148 2124 quam
1173 2079 1268 2123 quod
1290 2079 1426 2121 σπουδή
1467 2079 1671 2119 (studium,

209 2132 319 2172 cura)
347 2133 474 2162 nostra
506 2140 578 2160 non
614 2131 665 2160 est
698 2128 856 2170 probata
891 2125 915 2158 i.
945 2137 976 2159 e.
1014 2127 1117 2171 quod
1152 2127 1391 2166 Caesariani,
1430 2128 1495 2170 qui
1530 2127 1673 2160 Romae

210 2183 319 2220 sunt,
360 2175 531 2209 studium
571 2181 747 2208 nostrum
776 2174 818 2207 in
846 2185 887 2207 eo
916 2174 1017 2208 libro
1044 2175 1214 2218 positum
1241 2186 1320 2208 nou
1348 2175 1509 2209 omnino
1537 2175 1674 2219 proba-

209 2232 311 2260 runt.
351 2224 451 2257 SCH.
478 2242 524 2246 —
563 2225 603 2256 in
630 2224 737 2263 illos,
779 2221 846 2266 qui
883 2222 983 2265 apud
1020 2222 1218 2256 Caesarem
1259 2229 1369 2264 sunt,
1413 2222 1481 2266 qui
1521 2235 1567 2256 ex
1602 2222 1671 2255 illa

209 2272 372 2318 epistola
399 2271 503 2304 nacti
530 2271 771 2304 occasionem
801 2269 1067 2303 calumniandi
1095 2281 1251 2315 operam
1280 2271 1436 2311 darent,
1472 2277 1514 2304 ut
1540 2282 1602 2303 me
1629 2270 1672 2302 iu

208 2322 340 2356 odium
368 2317 539 2354 Caesaris
567 2318 812 2352 adducerent.
839 2316 1026 2351 MANUT.
1057 2337 1095 2343 —
1128 2324 1326 2364 cognatum
1350 2324 1467 2360 tuum,
1493 2318 1533 2360 Q.
1563 2319 1670 2353 Cice-

209 2380 349 2403 ronem
376 2368 513 2401 filium.
566 2366 656 2399 Vid.
685 2377 742 2410 ep.
771 2366 942 2408 DLXIII,
970 2367 1003 2400 2.

304 2430 338 2463 2.
390 2427 439 2460 ad
462 2426 585 2458 hortos
611 2425 854 2469 Scapulanos.
881 2445 926 2449 —
967 2429 1054 2460 illuc
1079 2432 1113 2461 tc
1138 2430 1211 2467 irc,
1238 2427 1282 2460 ad
1311 2438 1371 2462 eos
1397 2426 1668 2472 inspiciendos.

212 2477 302 2513 Vid.
331 2487 386 2520 ep.
414 2473 649 2508 DLXXXIV,
678 2477 711 2508 3.
738 2475 1011 2515 DLXXXVIII,
1040 2479 1069 2509 1.
1102 2494 1140 2500 —
1169 2478 1207 2509 ἱη
1234 2477 1399 2510 suberit).
1442 2476 1476 2510 S.
1503 2487 1562 2520 ep.
1588 2474 1670 2514 535,

213 2529 243 2559 1.
271 2526 351 2564 585,
381 2527 412 2557 1.
440 2542 485 2547 ——
528 2522 568 2554 dt:
596 2523 650 2554 ‹lie
677 2549 683 2555 .
714 2546 718 2552 .
749 2525 928 2556 «iectionis
961 2522 1167 2556 hortorum
1203 2524 1509 2569 Scapulanorum
1537 2523 1584 2555 ad
1610 2533 1669 2554 me

212 2572 365 2605 scribes.
395 2590 440 2596 —
466 2572 574 2608 Eam,
602 2569 647 2602 de
675 2568 762 2602 Sch.
791 2571 889 2604 coni.
918 2571 1015 2607 hun,
1043 2571 1200 2605 Erotem.
1225 2572 1331 2607 vid.
1361 2584 1416 2616 ep.
1445 2571 1529 2612 585,
1558 2573 1574 2603 1
1604 2570 1669 2603 sub

214 2621 301 2653 fine.
330 2621 411 2660 577,
439 2621 470 2653 3.
500 2635 541 2642 -
570 2631 587 2651 e
616 2617 794 2659 Cumano,
828 2618 894 2651 ubi
921 2625 1003 2651 tum
1033 2614 1119 2653 eras
1139 2620 1268 2653 Attica
1294 2631 1381 2653 cum
1412 2626 1532 2652 matre
1560 2618 1667 2652 Pilia.

215 2668 313 2702 SCH.
362 2668 395 2702 S.
420 2678 478 2710 ep.
499 2667 581 2705 575,
601 2667 632 2700 2.
661 2667 742 2703 567,
763 2669 797 2701 5.
823 2668 904 2703 552.
928 2669 959 2702 2.
988 2669 1069 2709 551,
1092 2669 1123 2703 2.
1152 2669 1233 2709 542,
1256 2671 1290 2704 3.
1318 2669 1400 2703 5311.
1426 2671 1509 2709 530,
1530 2669 1561 2701 li.
1591 2668 1659 2700 515

312 2732 341 2762 1.
397 2739 475 2760 cras
501 2729 576 2761 scil.
605 2727 755 2762 scribes-
784 2747 827 2754 —
855 2731 909 2763 Di
935 2733 1098 2767 Faberio.
1144 2732 1178 2766 S.
1210 2744 1266 2776 ep.
1295 2732 1376 2767 585,
1405 2735 1433 2766 1⁴
