1795 3081
501 12 816 62 EPISTOLA
853 13 1123 81 DXXXuI.
1489 15 1585 62 247

133 147 187 178 te.
246 136 434 176 Curabis
472 148 573 176 cum
606 140 680 173 tua
717 133 1036 187 perferendam.
1094 135 1197 173 Eius
1229 139 1375 172 tamen
1399 134 1500 172 misi
1529 133 1582 173 ad

133 201 176 233 te
199 193 475 255 pxemplum,
516 196 587 235 ut,
632 191 670 228 si
700 191 845 229 minus
883 190 1102 241 placeret,
1145 202 1198 227 ne
1227 189 1435 228 mitteres.
1494 189 1621 232 D0-3

133 250 311 288 mestica
331 246 447 299 quod
464 246 525 285 ais
544 242 702 283 ordine
724 244 1037 287 administrari,
1070 245 1248 291 scribes,
1280 256 1389 296 quae
1409 245 1497 281 sint
1520 258 1580 283 ea.

133 304 358 353 Quaedam
377 303 492 341 enim
513 305 727 352 exspecto.
767 299 974 339 Cocceius
997 297 1167 339 videno
1187 302 1436 337 frustretur.
1466 298 1582 338 Nam

132 349 245 398 Libo
275 355 389 411 quod
417 356 667 409 pollicetur,
698 361 747 393 ut
761 354 869 393 Eros
893 355 1066 403 scribit,
1098 367 1183 392 non
1215 355 1428 392 incertum
1459 360 1580 406 put0.

131 414 199 453 De
228 420 344 452 sorte
374 424 467 450 mea
481 408 677 462 Sulpicio
697 407 862 448 confido
886 415 928 448 et
942 409 1121 462 Egnatio
1141 409 1321 448 scilicet.
1352 407 1417 447 De
1433 409 1577 461 Appu-
1595 415 1617 452 4

133 469 219 508 leio
242 465 348 520 quid
366 473 445 515 est,
468 463 782 518 quod-laborem
800 478 935 516 quum
956 467 1015 503 sit
1030 465 1251 503 excusatio
1274 464 1443 502 facilis?
1475 464 1578 502 'I'ibi

131 521 187 562 ad
215 536 284 562 me
312 523 483 570 venire,
521 526 571 557 ut
598 517 812 568 ostendis,
855 518 974 564 vide.
1014 533 1068 558 ne
1097 532 1183 557 non
1213 520 1270 556 sit
1305 519 1446 556 facile.
1504 519 1580 557 Est

133 579 248 617 enim
279 577 458 631 longum
487 576 586 622 iter,
618 573 995 626 discedentemque
1025 580 1088 622 te,
1122 572 1238 626 quod
1268 573 1470 612 celeriter
1498 574 1579 612 tibi

134 634 218 672 erit
246 635 430 672 fortasse
458 627 719 675 faciendum,
751 642 835 667 non
866 631 961 668 sine
991 643 1145 684 magno
1177 627 1327 667 dolore
1351 627 1578 667 dimittam.

134 685 220 727 Sed
256 687 418 732 omnia,
471 690 523 723 ut
558 684 692 724 voles.
750 684 838 736 Ego
878 686 1015 734 enim,
1061 681 1272 736 quidquid
1308 685 1487 733 feceris,
1532 682 1579 722 id

133 755 268 799 quum
295 748 430 791 recte,
461 745 553 780 tum
582 741 712 779 etiam
741 752 837 778 mea
867 751 997 777 causa
1027 741 1189 778 factum
1220 738 1393 791 putabo.

511 853 851 916 [EPISTOLA
888 855 999 912 ΧΠ,
1039 856 1114 901 18.
1151 869 1190 899 a.

630 930 807 966 CICERO
833 931 1012 965 ATTICO
1040 930 1091 972 S.]

238 990 372 1043 Heri,
402 1005 536 1045 quum
565 1006 618 1032 ex
647 992 833 1031 aliorum
864 992 1006 1031 literis
1038 992 1333 1044 cognovissem
1364 987 1416 1029 de
1446 989 1581 1028 Anto-

129 1049 192 1086 nii
220 1046 422 1096 adventu,
451 1045 688 1086 admiratus
719 1061 812 1086 sum
843 1048 957 1086 nihil
987 1060 1078 1085 esse
1108 1049 1154 1084 in
1185 1046 1284 1084 tuis.
1341 1042 1427 1084 Sed
1456 1050 1581 1083 erant

128 1100 271 1155 pridie
309 1103 492 1141 fortasse
522 1104 710 1153 scriptae
740 1116 868 1154 quam
904 1102 1038 1141 datae.
1098 1100 1252 1153 Neque
1292 1100 1374 1138 ista
1404 1099 1577 1152 quidem

129 1171 249 1197 curo.
307 1156 394 1197 Sed
423 1163 566 1196 tamen
595 1159 751 1210 opinor
793 1163 975 1210 propter
1011 1155 1192 1209 praedes
1231 1168 1330 1193 suos
1368 1168 1578 1194 accucur-

130 1282 218 1304 cum
252 1270 326 1303 hac
359 1271 441 1314 ipsa
477 1271 524 1303 ad
554 1271 724 1304 Atticum
761 1272 933 1315 epistola.
972 1290 1015 1295 —-
1055 1270 1184 1305 Curab.
1210 1294 1218 1302 .
1240 1269 1515 1313 perferendam,
1551 1283 1577 1302 s.

131 1318 282 1353 Ramsh.
309 1317 347 1361 ς.
377 1321 458 1356 171,
484 1319 535 1358 11,
561 1318 603 1357 A,
629 1322 662 1353 3.
713 1319 861 1353 Grotef.
892 1318 921 1360 ζ).
949 1322 1029 1353 323.
1055 1319 1089 1351 b.

222 1369 255 1400 3.
305 1367 379 1400 ord.
407 1368 558 1405 admira,
582 1366 744 1399 witi-den
771 1368 812 1399 in
839 1367 1164 1411 besterOrdnung·
1189 1365 1354 1411 besorgt.
1373 1383 1417 1389 —
1444 1366 1577 1408 Quaeri.

131 1426 183 1449 en.
209 1427 324 1458 exsp,
363 1413 466 1446 denn
501 1413 566 1445 ich
602 1414 755 1447 m'dchte
788 1426 862 1447 von
890 1415 1046 1460 einigen
1073 1412 1302 1445 h'ziuslichen
1329 1412 1578 1459 Aug-elegen-

130 1461 263 1495 heiten
284 1461 380 1494 doch
396 1461 525 1495 Etwas
546 1461 708 1495 n'a‘heres
723 1462 873 1495 wissen.
888 1480 933 1486 -
947 1474 989 1495 ne
1001 1461 1220 1504 frustretur,
1248 1460 1281 1493 d.
1298 1461 1323 1492 i.
1340 1460 1433 1493 kein
1447 1460 1577 1494 Mittel

131 1508 246 1548 finde,
276 1509 388 1541 nicht
413 1521 457 1541 zu
488 1509 684 1542 bezahlen.
734 1509 771 1542 S.
798 1521 856 1553 ep.
883 1512 953 1544 529
978 1521 1038 1542 am
1067 1508 1190 1541 Ende.
1225 1527 1272 1532 —
1307 1509 1418 1548 Libo,
1459 1508 1503 1540 ob
1532 1508 1574 1542 L.

131 1556 242 1597 Libo,
267 1557 337 1589 der
362 1555 703 1603 Schwiegervater
729 1556 791 1590 des
817 1557 918 1590 Sext.
947 1556 1172 1600 Pompeius?
1200 1568 1226 1587 s.
1252 1555 1298 1588 ad
1317 1556 1453 1589 Famil.
1482 1558 1515 1596 1,
1544 1558 1585 1591 1.

131 1604 222 1645 Vll,
247 1606 280 1643 ll,
308 1603 372 1643 XI,
398 1606 433 1638 7.
460 1604 505 1637 ad
532 1604 647 1636 Attic.
677 1604 762 1643 VII,
793 1607 850 1639 12.
900 1604 978 1637 Ein
1004 1604 1170 1637 anderer
1196 1603 1236 1636 L.
1264 1604 1359 1636 Libo
1386 1603 1489 1636 wird
1517 1615 1578 1635 er-

130 1651 264 1685 w'eihnt
290 1651 334 1684 ad
353 1652 469 1685 Attio.
487 1652 570 1691 XII,
591 1653 624 1686 5.
652 1651 755 1692 XIII,
773 1655 831 1687 30.
858 1652 962 1686 Brut.
989 1653 1045 1687 23.
1068 1670 1111 1675 -
1134 1656 1174 1683 ut
1194 1650 1287 1683 Eros
1311 1653 1450 1690 scribit,
1477 1650 1577 1683 nach

130 1699 247 1738 Dem,
271 1711 348 1732 was
378 1700 455 1732 mir
480 1699 577 1732 Eros
602 1699 780 1734 schreibt.
830 1700 946 1740 Eros,
982 1699 1102 1733 Attici
1130 1699 1291 1731 libertus
1318 1701 1361 1739 (s,
1388 1698 1432 1731 ad
1460 1699 1575 1733 Attio.

130 1746 204 1784 VI,
232 1747 374 1785 mxv,
411 1748 469 1782 15.
494 1748 578 1789 20);
618 1759 636 1779 a
664 1758 739 1790 quo
769 1747 940 1780 diversus
971 1747 1069 1780 Eros
1104 1746 1310 1780 Philotimi
1345 1757 1475 1779 servus
1514 1746 1578 1788 (ad

130 1794 250 1828 Attio.
275 1794 316 1835 X,
343 1797 419 1837 13.)
454 1802 492 1829 et
516 1796 614 1828 Eros
642 1794 681 1835 Q.
708 1795 822 1828 Turii
847 1795 1008 1828 libertus
1041 1794 1104 1837 (ad
1129 1795 1267 1829 Famil.
1296 1795 1390 1835 XII,
1417 1796 1503 1833 26.).
1533 1811 1576 1818 —-

131 1844 187 1876 De
210 1847 303 1875 sorte
328 1855 407 1876 mea
432 1867 442 1876 .
469 1869 476 1876 .
500 1844 656 1882 scilicet,
691 1854 830 1889 wegen
856 1841 1081 1876 Sicherheit
1108 1842 1253 1874 meinos
1278 1842 1363 1875 dem
1392 1841 1576 1875 Cocceius

130 1903 166 1923 u.
194 1890 281 1923 dem
294 1890 384 1924 Libo
410 1890 643 1938 geliehenen
656 1889 824 1934 Capitals
841 1890 1008 1923 verlasse
1035 1889 1099 1922 ich
1127 1889 1234 1921 mich
1260 1890 1329 1921 aus
1350 1888 1413 1922 die
1439 1889 1576 1922 beiden

131 1937 307 1983 BUrgen,
343 1938 417 1971 den
444 1938 639 1982 Sulpicius
665 1950 701 1972 u.
728 1937 928 1985 Egnatius,
978 1937 1070 1973 Ueb.
1098 1935 1243 1980 sulpic.
1278 1949 1304 1972 s.
1333 1949 1390 1981 ep.
1417 1938 1487 1972 365
1519 1936 1575 1969 im

131 1987 241 2025 Anf.;
268 1985 362 2018 iiber
386 1986 459 2019 den
481 1987 608 2019 Ritter
632 1985 712 2018 und
733 1984 1000 2018 Geldh'zindler
1017 1984 1207 2031 Egnatius
1224 1985 1344 2017 Rufus
1371 1985 1415 2018 ad
1438 1983 1575 2017 Famil.

131 2033 246 2072 XIII,
271 2035 328 2068 43.
353 2033 399 2067 ad
426 2033 598 2066 Atticum
626 2033 696 2073 IV,
727 2035 780 2067 12.
809 2033 921 2073 VIII,
949 2035 1005 2067 18.
1032 2033 1081 2073 X,
1110 2033 1163 2066 15.
1212 2050 1253 2056 —
1296 2034 1386 2077 quid
1408 2037 1459 2066 est
1482 2033 1580 2077 quod

131 2081 291 2120 labores,
325 2081 400 2114 wie
429 2080 568 2113 kannst
591 2080 652 2113 Du
679 2081 750 2113 Dir
783 2081 825 2113 in
852 2080 1037 2113 Hinsicht
1072 2080 1135 2113 des
1162 2080 1375 2124 Appuleius
1408 2092 1447 2114 so
1474 2080 1576 2114 viele

131 2128 280 2174 Sorgen
307 2127 494 2162 macheu?
543 2127 578 2162 S.
607 2140 666 2172 ep.
692 2130 773 2169 529,
799 2130 833 2162 2.
860 2140 896 2160 u.
923 2130 1007 2168 530,
1037 2131 1065 2160 1.
1093 2140 1128 2160 u.
1155 2130 1236 2168 531,
1264 2131 1295 2162 1.

227 2177 260 2209 4,
313 2176 394 2209 Tibi
418 2177 456 2211 τό
482 2176 532 2208 acl
552 2188 607 2209 me
632 2179 749 2209 venire
776 2183 860 2216 cet„
886 2175 989 2209 Sieh’
1013 2187 1088 2208 nur
1113 2188 1183 2216 zu,
1210 2176 1289 2208 dass
1316 2175 1438 2209 Deine
1466 2175 1575 2208 Reise

133 2235 181 2256 zu
209 2224 305 2264 mir,
344 2235 455 2256 wozu
481 2224 539 2256 Du
569 2224 646 2256 mir
673 2223 874 2270 Hoffnung
899 2223 1067 2263 machst‚
1106 2224 1201 2256 eben
1228 2235 1266 2256 so
1294 2223 1416 2257 leicht
1442 2222 1504 2256 sei.
1530 2239 1576 2246 —-

133 2272 305 2304 celeriter.
358 2269 393 2303 S.
422 2282 477 2315 ep.
504 2272 595 2310 532,
627 2282 689 2304 wo
714 2282 790 2304 von
818 2271 889 2304 den
914 2271 1044 2304 vielen
1072 2270 1305 2305 Gesch'a'ften
1333 2271 1396 2304 des
1422 2270 1575 2304 Attikus

133 2318 196 2351 die
222 2318 324 2351 Rede
351 2319 409 2351 ist.
437 2337 483 2342 —
508 2319 578 2352 Sed
600 2322 723 2351 onmia
749 2319 877 2355 facias,
903 2320 1053 2352 feceris.

230 2369 263 2399 1.
313 2366 413 2402 Heri.
463 2367 593 2399 Novae
621 2366 803 2410 epistolae
830 2365 925 2399 hino
944 2366 1102 2399 initium
1125 2367 1220 2401 fecit
1240 2378 1325 2399 cum
1344 2365 1410 2398 MS.
1430 2365 1575 2397 Iunius.

134 2414 262 2447 Recte.
289 2413 468 2447 Ceterum
498 2421 584 2447 nota
611 2414 652 2446 in
679 2413 776 2445 Edd.
803 2414 883 2446 Asc.
913 2419 1098 2457 utraque,
1135 2414 1236 2448 Crat.
1269 2415 1365 2447 Vici.
1397 2417 1427 2446 1,
1464 2413 1579 2444 huius

134 2461 229 2494 libri
257 2461 356 2505 Epp.
385 2463 524 2496 1—26.
553 2463 786 2494 continuari.
838 2462 1056 2494 Divisiones
1089 2469 1219 2495 tamen
1254 2462 1329 2493 iam
1363 2459 1578 2507 significari

134 2515 290 2552 coeptae
316 2516 405 2541 sunt
431 2509 472 2541 in
500 2508 739 2543 Victoriana.
795 2509 867 2543 OR.
916 2508 1129 2542 Vielleicht
1156 2509 1203 2543 ist
1230 2510 1359 2542 Die-se:-
1385 2508 1479 2540 alles
1509 2518 1581 2538 nur

135 2556 221 2590 eine
248 2556 509 2589 Nachschrist.
539 2574 578 2581 —
606 2558 647 2589 de
664 2557 820 2589 Antonii
843 2558 1006 2590 adventu.
1058 2557 1193 2590 Dieser
1220 2568 1300 2590 war
1326 2567 1396 2588 vor
1413 2555 1579 2588 Kurzem

135 2614 212 2636 von
237 2604 330 2637 Rom
359 2604 629 2650 abgegangen,
674 2616 739 2636 um
775 2603 874 2636 nach
899 2603 1071 2648 Spanien
1097 2617 1185 2637 zum
1215 2605 1327 2637 C'a‘sar
1352 2615 1400 2636 zu
1435 2604 1582 2641 τοίη-ρης

136 2650 226 2684 aber
261 2653 328 2685 auf
361 2651 514 2685 halben)
541 2651 668 2698 Wege
707 2652 746 2685 in
784 2652 952 2698 gresster
979 2652 1069 2685 Eile
1108 2651 1208 2685 nach
1234 2652 1329 2685 Rom
1370 2650 1586 2698 zuriickge-
