1795 3081
392 86 709 135 EPISTOLA
747 87 1045 135 CCCCXXX
1055 89 1181 137 Vlll.
1354 117 1357 120 ·
1459 96 1522 139 69

39 209 151 257 ‚eius
182 213 226 247 eb
253 207 450 247 moribus
487 206 686 247 (licturus
725 210 926 257 fuissem,
971 210 1007 247 si
1046 211 1167 261 prius
1204 223 1398 261 causam,
1443 225 1527 252 cur.

57 276 154 302 eum
184 269 305 302 tanto
334 276 468 315 opere
498 262 742 317 diligerem,
772 263 852 301 tibi
873 266 1179 315 exposuissem,
1210 267 1254 305 in
1275 268 1369 319 ipsa
1391 280 1519 307 causa

57 318 310 371 exponenda
346 319 450 357 satis
487 320 618 357 etiam
658 317 712 357 de
751 319 968 369 probitate
1009 316 1178 359 dixisse.
1249 320 1337 360 Sed
1374 327 1520 362 tamen

55 376 289 426 separatim
320 374 527 426 promitto
557 374 601 411 in
632 386 784 425 meque
814 374 982 426 recipio
1013 374 1107 413 sore
1138 387 1235 414 eum
1268 378 1347 416 tibi
1377 384 1419 416 et
1441 391 1520 418 vo-

56 430 212 481 luptati
251 434 294 467 et
322 429 436 467 usui.
504 427 618 466 Nam
659 433 701 466 et
739 425 979 467 modestum
1023 428 1244 470 hominem
1290 444 1520 485 cognosces

5 528 6 531 Ἰ
55 490 97 524 et
126 483 358 535 pudentem
379 489 421 522 et
445 496 470 522 a
492 482 732 536 cupiditate
749 484 867 521 omni
893 485 1260 535 remotissi11m¹113
1292 493 1521 539 praeterea

55 541 197 588 magni
241 539 408 578 laboris
453 551 732 591 summaeque
774 537 1031 578 industriae.
1100 539 1255 592 Neque
1296 554 1373 596 ego
1413 542 1558 591 haec4

48 586 257 647 ‘polliceri
288 593 434 632 debeo,
467 606 577 646 quae
606 594 686 632 tibi
715 594 820 646 ipsi,
851 607 987 645 quum
1019 594 1126 633 bene
1156 598 1371 649 cognoris,
1402 597 1520 636 iudi·

54 648 189 688 canda
220 655 343 697 sunt3
388 647 465 688 sed
494 655 638 688 tamen
668 650 713 687 in
743 650 945 688 omnibus
976 651 1101 690 novis
1133 653 1518 692 coniunctionibus

53 706 260 752 interest,
298 705 439 756 qualis
480 705 651 755 primus
690 702 833 742 aditus
872 706 930 743 sit·
958 711 1002 744 et
1031 717 1114 757 qua
1144 706 1521 749 commendatione

52 760 175 812 quasi
216 760 434 798 amicitiae
476 762 592 799 fores
632 761 901 811 aperiantur.
974 760 1100 811 Quod
1142 772 1222 812 ego
1261 761 1329 800 his
1372 762 1520 802 literis>

5 824 6 843 ³
52 815 224 853 efficere
254 815 401 854 volui:
440 817 520 853 etsi
553 813 599 852 id
628 816 721 867 ipsa
750 826 831 868 per
859 827 906 854 se
936 816 1216 854 necessitudo
1249 822 1517 868 quaesturae

53 872 245 909 effecisse
276 868 415 908 debet.
456 868 542 908 Sed
571 875 715 908 tamen
745 870 886 908 nihilo
917 871 1137 909 infirmius
1170 870 1297 921 illud,
1331 872 1415 910 hoc
1445 871 1522 916 afl-

53 925 158 964 dito.
220 925 338 965 Cura
374 927 533 980 igitur,
585 927 622 963 si
660 938 729 963 me
766 927 879 965 tanti
922 926 1052 974 facis,
1102 927 1255 977 quanti
1293 933 1337 966 et
1366 927 1525 971 Varro

51 982 270 1021 existimat
298 986 340 1019 et
370 983 465 1033 ipse
495 982 650 1029 sentio7
679 986 729 1019 ut:
758 994 886 1032 quam
917 982 1110 1034 primum
1133 982 1519 1035 intelliganiliano

51 1049 191 1076 meam
242 1035 658 1075 commendationem
707 1042 892 1074 tantum·
923 1036 995 1075 illi
1048 1036 1255 1076 utilitatis
1302 1037 1519 1083 attulisse,-

52 1096 264 1146 quantum
295 1096 336 1131 et
364 1093 457 1145 ipse
486 1092 678 1144 sperarit
708 1103 788 1130 nec
820 1104 898 1143 ego
930 1090 1182 1131 dubitarim.
1461 1122 1465 1126 ι
1516 1104 1521 1134 ·’.

124 1205 445 1256 EPISTOLA
483 1179 930 1271 ccccxxxviii.
967 1204 1051 1265 (ad
1086 1205 1198 1254 Div.
1236 1207 1298 1256 v.
1334 1206 1446 1264 21.)
1486 1169 1521 1235 *s

301 1295 384 1331 Sor.
411 1294 554 1327 Romae
581 1293 695 1327 initio
721 1295 762 1330 A.
791 1295 836 1330 U.
865 1295 905 1329 c,
934 1297 1014 1331 708.
1043 1296 1091 1338 (a.
1117 1294 1156 1333 o,
1189 1295 1265 1336 46.)
1332 1286 1336 1291 '

53 1366 238 1401 Mescinio
274 1366 374 1399 Rufo
415 1365 474 1398 sui
511 1365 670 1398 videndi
715 1367 857 1410 cupide
894 1373 1028 1408 mutua
1064 1378 1102 1400 se
1138 1367 1268 1400 teneri
1303 1364 1518 1408 cupiditate

0 1445 2 1460 5
51 1415 247 1464 significat
274 1424 438 1455 eumque
464 1411 663 1453 hortatur,
701 1420 744 1446 ut
778 1421 999 1457 temporum
1029 1414 1280 1455 acerbitatem
1309 1413 1521 1454 literarum

124 1461 260 1497 studiis
289 1467 325 1495 et
351 1460 520 1505 optimae
548 1460 811 1495 conscientiae
836 1461 1109 1500 recordatione
1136 1462 1306 1509 mitiget.
1336 1463 1443 1496 1—5.

406 1530 455 1565 M.
484 1531 666 1565 CICERO
695 1531 729 1566 S.
757 1532 802 1567 D.
830 1533 871 1568 L.
898 1532 1156 1567 MESCINIO.

158 1605 320 1646 Gratae
347 1603 457 1642 mihi
485 1610 587 1644 tuae
617 1606 773 1645 literae
802 1608 1001 1654 fuerunt3
1033 1619 1084 1645 ex
1108 1606 1266 1659 quibus
1302 1594 1514 1646 intellexiss

4 1668 5 1673 ’
50 1660 168 1716 quod
211 1661 342 1700 etiam
380 1659 473 1697 sine
502 1658 644 1699 literis
685 1662 959 1706 arbitrabar,
1001 1667 1044 1701 te
1074 1674 1242 1700 summa
1272 1660 1517 1714 cupiditate

50 1718 256 1757 affectum
281 1727 374 1755 esse
391 1712 573 1754 videndi
600 1716 697 1755 mei.
754 1716 881 1769 Quod
911 1727 990 1770 ego
1019 1717 1081 1755 ita
1110 1717 1298 1756 libenter
1327 1718 1513 1769 accipio,

50 1779 98 1811 ut
126 1779 271 1812 tamen
308 1770 391 1808 tibi
428 1782 513 1808 non
551 1770 805 1810 concedam:
845 1785 945 1811 nam
982 1777 1126 1811 tecum
1158 1785 1271 1821 esse,
1313 1773 1375 1810 ita
1405 1771 1515 1809 milti

4 1842 5 1867 1
49 1829 205 1873 omnia,
237 1838 347 1880 quae
369 1830 484 1879 opto,
506 1828 774 1882 contingant,
798 1833 849 1867 ut
865 1826 1147 1869 vehementer
1161 1827 1313 1867 velim!
1346 1827 1515 1866 Etenim

49 1970 96 1977 —
122 1953 160 1984 in
185 1961 308 1994 meque
334 1949 470 1991 recipio
496 1947 520 1983 i.
548 1961 578 1983 e.
607 1955 774 1994 praesto,
801 1948 867 1981 ich
895 1949 1003 1982 stehe
1029 1950 1151 1983 dafiir.
1180 1949 1309 1983 Ueber
1334 1952 1372 1982 ιή
1396 1961 1518 1994 meque

51 2012 78 2033 s.
105 1996 258 2032 Ramsh.
285 1995 324 2039 §.
354 1998 441 2036 179,
466 1996 513 2037 B,
543 2009 582 2037 a,
609 2001 643 2032 1.
672 2016 715 2023 —-
739 1998 943 2042 pudentem.
993 1997 1058 2030 Sic
1096 1998 1143 2031 de
1171 1997 1336 2031 corradi
1364 1997 1515 2030 coniec-

49 2054 137 2081 tura
162 2044 249 2079 Sch.
276 2044 375 2078 Lim.
403 2045 476 2080 cfr.
502 2045 571 2090 Ep.
598 2047 656 2080 21.
681 2047 896 2091 prudentem
923 2045 1052 2079 Ceteri
1080 2056 1166 2077 cum
1193 2044 1271 2080 Md.
1309 2062 1354 2069 ·--
1387 2059 1409 2078 a
1436 2057 1517 2089 cup,

51 2108 82 2128 ο.
115 2098 265 2133 remot.‚
311 2091 387 2125 den
419 2093 839 2142 uneigenniitzigsten,
883 2094 981 2127 aller
1019 2092 1376 2140 Eigenniitzigkeit
1401 2093 1517 2140 abge-

49 2148 240 2190 sagtesten
265 2140 394 2173 Manu.
1052 2155 1053 2158 ¹

145 2191 176 2223 4.
228 2187 349 2234 Neque
376 2200 441 2233 ego
544 2188 662 2228 debeo,
689 2186 756 2223 ich
782 2190 897 2224 sollte
922 2189 995 2223 Dir
1018 2200 1126 2224 zwar
1151 2188 1290 2222 Nichts
1316 2200 1392 2222 von
1419 2190 1515 2222 Dein

52 2236 330 2280 versprechen,
348 2247 438 2270 waS.
453 2254 498 2260 —
514 2236 680 2281 effecisse.
707 2238 810 2272 Crat.
828 2239 966 2272 GraeV.
983 2238 1080 2270 Ern.
1099 2238 1195 2270 Liin.
1225 2236 1363 2281 efficere
1381 2244 1517 2270 contra

53 2285 130 2318 Md.
164 2285 252 2326 OR.‚
279 2283 435 2317 obwohl
461 2284 776 2320 (lasVerh'ziltniss
800 2286 1041 2328 derQu‘zistur
1067 2287 1134 2318 fiir
1160 2285 1244 2318 sich
1271 2285 1388 2319 selbst
1415 2285 1516 2317 diese

53 2332 260 2378 Wirkung
295 2331 440 2378 gethan
474 2331 598 2366 haben
634 2345 749 2367 muss.
781 2352 827 2359 —
865 2335 927 2368 sed
958 2339 1082 2367 tamen
1110 2361 1117 2368 .
1146 2358 1155 2366 .
1183 2358 1192 2366 .
1219 2333 1358 2367 addito.
1409 2331 1517 2365 Doch

53 2380 155 2414 wird
182 2381 270 2413 iene
296 2379 505 2428 Wirkung
531 2381 594 2415 des
621 2381 839 2417 amtlichen
865 2381 1144 2416 Verh'ziltnisses
1173 2381 1299 2415 durch
1327 2381 1390 2413 das
1417 2380 1516 2413 Hin-

54 2428 291 2460 zukommen
327 2426 453 2460 dieser
495 2428 650 2463 meiner
682 2429 958 2478 Empfehlung
999 2429 1236 2478 wenigstens
1279 2441 1345 2462 um
1379 2428 1517 2462 Nichts

55 2474 305 2523 geschw'aicht
330 2475 504 2510 werden.
556 2476 757 2511 Coi-rectio
784 2478 1070 2523 occupationis!

147 2524 189 2556 L.
216 2522 473 2565 MESCINIO,
513 2525 713 2559 Ciceronis
748 2533 926 2569 quaestor
952 2527 1019 2569 qui
1046 2524 1125 2559 fuit
1150 2524 1193 2558 in
1220 2524 1371 2561 Cilicia.
1422 2523 1515 2560 Vid.

55 2583 113 2617 ep.
142 2571 291 2605 CCCII.
319 2570 449 2604 initio.
476 2572 683 2613 CXCVIII,
710 2576 741 2616 ll..
770 2574 1034 2609 CCCLXXIII.

151 2622 185 2653 1.
234 2622 311 2652 sine
338 2620 471 2662 literis,
498 2620 600 2654 ohne
627 2621 877 2656 schristliche
898 2622 1204 2669 Versicherung.
1234 2638 1277 2645 —
1305 2632 1376 2654 non
1401 2630 1520 2652 conce-

56 2669 154 2710 dam,
181 2678 260 2701 was
287 2665 355 2699 ich
380 2679 446 2700 um
473 2679 512 2702 so
539 2668 665 2703 lieber
689 2670 919 2713 vernehme‚
946 2671 1000 2703 als
1027 2669 1093 2703 ich
1119 2670 1192 2703 Dir
1216 2668 1351 2702 hier-in
1377 2666 1518 2700 Nichts

56 2716 263 2762 nachgebe.
295 2733 335 2740 —
363 2717 420 2749 ita
444 2742 451 2749 .
476 2742 485 2749 .
510 2745 515 2751 .
546 2720 774 2764 contingant,
801 2723 853 2754 ut.
904 2718 1032 2753 Ueber
1058 2718 1162 2752 diese
1188 2715 1518 2762 Versicherungs-
