1795 3081
196 90 261 137 22
457 86 522 135 Μ.
557 85 610 132 Τ.
646 80 990 133 CICERONIS
1023 82 1400 135 EPISTOLAE.

197 222 327 304 guam
351 206 524 263 quidem
546 211 594 244 tu
623 204 775 244 scribis
794 205 1048 244 confirmari
1079 205 1278 259 quotidie
1307 206 1444 262 magis
1472 203 1526 246 ad
1554 218 1657 247 con-

227 267 373 305 itionis
417 275 535 316 spem
576 273 705 313 quam
744 261 971 300 victoriae.
1040 260 1166 313 Quod
1210 262 1378 303 utinam
1420 262 1481 300 ita
1525 264 1655 301 esset!

197 319 282 360 Sed
314 321 437 373 longe
467 318 595 356 aliter
625 327 715 354 esse
742 315 960 366 intellig=03
992 321 1120 369 teque
1142 318 1283 370 ipsum
1313 318 1375 355 ita
1407 318 1658 356 existimare

197 375 411 418 arbitror,
452 372 583 412 aliter
613 376 757 409 autem
787 371 1005 420 scribere,
1043 385 1129 410 non
1159 370 1355 417 fallendi,
1395 370 1471 410 sed
1500 372 1656 410 confir-

198 429 346 470 mandi
376 429 462 469 mei
491 438 633 474 causa,
663 427 921 479 praesertim
946 439 1078 479 quum
1103 425 1370 480 adiungatur
1393 425 1447 465 ad
1464 426 1658 465 Africam

159 484 332 526 4etiam
362 482 588 537 Hispania.
649 479 774 533 Quod
803 493 871 520 me
899 480 1119 531 admones,
1150 487 1200 520 ut
1229 482 1418 521 scribam
1449 478 1502 519 ad
1524 481 1659 519 Anto-

198 542 319 579 nium
338 537 456 577 etad
478 542 667 576 ceteros:
701 536 735 572 si
758 534 863 588 quid
891 534 1116 575 videbitur
1145 537 1224 576 tibi
1254 549 1360 589 opus
1391 549 1497 585 esse,
1528 536 1660 574 velim

198 596 334 634 facias
364 591 430 636 id.
475 589 592 645 quod
629 603 758 643 saepe
798 591 952 630 fecisti.
1011 590 1133 630 Nihil
1175 593 1289 633 enim
1320 591 1428 630 mihi
1458 592 1582 631 venit
1613 592 1659 629 in

197 655 398 694 mentem,
430 644 542 702 quod
571 644 851 684 scribendum
875 651 1034 698 putem.
1067 645 1192 698 Quod
1223 660 1290 686 me
1319 645 1444 685 audis
1484 646 1654 684 fractio-

197 718 291 745 rem
321 716 411 742 esse
440 703 606 741 animo:
639 699 743 753 quid
767 706 905 753 putas,
938 715 1073 753 quum
1101 700 1247 739 videas
1268 703 1498 739 accessisse
1518 699 1571 738 ad
1587 713 1658 738 su-

197 760 394 814 periores
413 756 710 812 aegritudines
731 756 975 808 praeclaras
994 758 1142 811 generi
1158 757 1384 797 actiones?
1415 755 1486 794 Tu
1516 761 1659 794 tamen

197 815 333 856 velim
363 826 416 853 ne
447 812 734 856 intermittas.
768 809 910 865 quoad
939 812 1033 850 eius
1064 812 1210 850 facere
1239 812 1424 863 poteris,
1465 811 1660 850 scribere

196 869 251 911 ad
279 882 362 919 me,
393 869 522 908 etiam
552 867 590 904 si
622 878 729 910 rem,
761 865 812 903 de
843 878 927 917 qua
948 866 1129 911 scribaS,
1161 878 1246 903 non
1262 864 1449 904 habebis.
1479 863 1662 917 Semper

198 926 315 967 enim
345 925 537 965 afferunt
567 918 738 972 aliquid
768 920 876 966 mihi
906 926 1005 959 tuae
1036 920 1200 959 literae.
1260 919 1461 959 Galeonis
1492 918 1662 959 heredi-

196 986 329 1020 tatem
359 979 494 1018 crevi.
537 976 646 1015 Puto
678 977 794 1014 enim
825 976 1063 1014 cretionem
1094 976 1338 1028 simplicem
1369 976 1526 1024 fuisse,
1558 987 1662 1027 quo-

197 1037 312 1076 niam
341 1033 395 1073 ad
424 1046 492 1072 me
521 1030 643 1071 nulla
672 1031 802 1069 missa
831 1035 907 1069 est.
968 1046 1060 1075 vni.
1093 1029 1153 1069 ld.
1186 1030 1321 1069 Mart.

341 1120 663 1172 EPISTOLA
701 1120 1009 1170 CCCCVIlI.
1046 1119 1128 1179 (ad
1163 1121 1262 1174 Ait,
1300 1121 1383 1173 ΧΙ,
1417 1120 1516 1179 13.)

303 1188 388 1223 Scr.
413 1186 612 1231 Brundisii
639 1192 804 1220 exeunte
830 1185 971 1219 Martio
998 1187 1037 1219 A.
1068 1186 1114 1220 U.
1143 1185 1181 1219 C.
1208 1188 1289 1221 707.
1340 1188 1389 1228 (a.
1417 1186 1455 1220 C.
1483 1186 1558 1226 47.)

197 1250 255 1285 De
294 1247 539 1294 Pompeianis
579 1246 729 1289 aliquot
770 1245 1047 1278 Alexandriam
1086 1245 1275 1290 prosectis
1317 1256 1480 1288 suaeque
1524 1243 1661 1277 condi-

197 1297 316 1332 tionis
342 1296 511 1330 miseria.
563 1297 594 1339 I.
627 1293 674 1326 ‹le
705 1292 838 1334 Quinti
867 1294 999 1326 fratris
1026 1292 1153 1329 literis
1192 1293 1236 1325 ad
1265 1304 1300 1326 se
1327 1294 1494 1338 scriptis.
1544 1294 1578 1328 2.
1616 1293 1662 1325 (le

198 1344 449 1379 coheredibus
475 1340 703 1376 Fufidianis.
753 1343 785 1375 3.
827 1340 871 1373 de
906 1341 1025 1381 fundo
1052 1340 1252 1373 Frusinati
1287 1340 1519 1375 redimendo
1554 1346 1590 1373 et
1617 1339 1663 1374 de

198 1390 490 1441 suppeditandis
517 1389 589 1423 sibi
615 1388 794 1432 pecuniis
821 1387 867 1420 ad
892 1394 1089 1432 sumptum
1118 1387 1353 1425 necessariis.
1389 1390 1421 1421 ll.
1462 1387 1506 1421 de
1535 1387 1663 1421 literis

341 1449 408 1474 suo
438 1437 598 1475 nomine
625 1435 670 1468 ad
699 1434 794 1468 alios
821 1440 859 1467 et
885 1435 931 1467 ad
958 1446 994 1468 se
1020 1434 1063 1467 ab
1092 1434 1220 1468 Attico
1247 1435 1460 1469 scribendis
1486 1436 1519 1470 5.

703 1482 885 1516 CICERO
917 1482 1095 1517 ATTICO
1122 1481 1156 1517 S.

306 1536 345 1576 A
374 1533 593 1574 Murenae
629 1532 790 1575 liberto
828 1531 936 1571 nihil
965 1530 1106 1579 adhuc
1136 1545 1388 1586 acceperam
1420 1532 1662 1571 literarum.

197 1628 244 1635 —
270 1609 320 1653 ad
337 1609 470 1642 condit.
498 1618 608 1652 spem,
636 1605 719 1638 scil.
749 1605 873 1639 multo
896 1605 1017 1652 magis
1036 1606 1267 1651 sperandum
1286 1618 1375 1646 esse,
1402 1612 1444 1640 ut
1459 1606 1560 1639 inter
1575 1606 1665 1639 Cae-

200 1669 324 1698 sarem
355 1663 392 1689 et
419 1654 670 1699 Pompeianos
698 1652 744 1686 de
769 1663 862 1698 pace
889 1659 1046 1699 agatur,
1091 1664 1206 1697 quam
1246 1660 1289 1687 ut
1315 1654 1438 1687 altera
1464 1659 1552 1686 utra
1577 1664 1664 1697 pars

199 1707 341 1745 vincat.
369 1703 467 1736 SCH.
488 1721 534 1726 —
555 1703 660 1745 longe
687 1703 797 1734 aliter
823 1713 903 1734 esse.
955 1700 1112 1735 Putabat
1137 1701 1240 1734 enim
1255 1701 1391 1735 Cicero
1412 1701 1665 1745 Pompeianos

201 1753 418 1799 superiores
445 1752 540 1783 fore.
569 1748 670 1784 SCH.
697 1768 743 1773 —
770 1748 968 1793 Hispania.
1019 1748 1056 1782 S.
1085 1760 1144 1792 ep.
1175 1748 1347 1789 CCGCV,
1375 1750 1408 1789 2.

295 1803 329 1836 4.
356 1802 389 1835 εἰ
413 1799 502 1844 quid
524 1797 636 1832 videl).
659 1822 692 1830 ..
710 1795 851 1840 fecisti.
879 1796 915 1837 S.
934 1807 991 1841 ep.
1011 1796 1188 1838 CCCCII,
1212 1808 1271 1829 am
1286 1796 1408 1837 Ende.
1438 1795 1664 1835 CCCXCVI,

201 1851 234 1885 3,
274 1867 315 1874 -
344 1847 578 1892 fractiorem.
635 1843 699 1878 Sic
725 1845 823 1879 vict.
864 1844 966 1877 coni.
1005 1845 1148 1878 Manut.
1177 1843 1289 1888 Seqq.
1321 1843 1507 1886 fractior-e
1535 1844 1664 1877 hamb.

201 1899 408 1932 erectiorem
434 1894 511 1930 Md.
550 1895 669 1927 Oxon.
701 1895 733 1926 1.
760 1893 844 1925 Asc.
875 1895 905 1926 1.
935 1893 1038 1926 Crat.
1073 1895 1238 1928 erectiore
1276 1892 1396 1925 Oxon.
1427 1894 1460 1926 2.
1517 1891 1590 1924 ΟΒ.
1618 1910 1665 1916 -

202 1947 325 1991 generi
343 1946 514 1978 actiones.
542 1940 768 1979 Dolabellae
796 1939 945 1972 tribuni
972 1940 1024 1985 pl.
1053 1939 1218 1973 actiones
1246 1939 1290 1980 de
1317 1939 1426 1972 novis
1454 1938 1594 1972 tabulis
1623 1945 1665 1971 in

201 1992 378 2027 fraudem
406 1990 658 2029 creditorum.
714 1987 812 2024 SCH.
843 2007 889 2013 ——
916 1989 1037 2033 quoad
1062 1991 1158 2028 eius,
1185 1998 1224 2020 so
1246 1987 1334 2021 Viel
1354 1987 1412 2020 Du
1441 1987 1573 2020 dessen
1603 1987 1661 2020 od.

203 2041 313 2084 darin
348 2039 460 2080 wirst
497 2037 596 2072 thun
635 2036 804 2069 konnen.
869 2034 906 2078 S.
937 2035 1090 2071 llamsh.
1119 2035 1153 2076 G.
1183 2036 1263 2074 115,
1298 2035 1386 2067 Not.
1414 2036 1449 2068 2.
1514 2033 1665 2067 Grotef.

202 2088 240 2134 ς,
265 2090 347 2124 231,
374 2087 453 2123 232.
493 2103 539 2109 --
572 2090 657 2126 tuae
684 2085 834 2124 literae,
881 2083 957 2120 wie
993 2095 1049 2127 ep.
1077 2082 1281 2122 CCCCVI,
1321 2085 1360 2116 1:
1407 2093 1665 2125 „quamquam

203 2147 355 2181 semper
373 2133 522 2176 aliquid
541 2131 719 2172 afferunt.
739 2129 841 2175 qnod
858 2131 1023 2164 vclim.“
1050 2130 1226 2169 CCCCH,
1251 2133 1265 2163 1
1284 2141 1292 2162 :
1320 2129 1541 2169 „Nonnihil
1561 2130 1666 2162 enim

204 2195 265 2218 me
294 2184 424 2221 levant
450 2187 537 2214 tuae
565 2180 702 2213 literae
725 2179 798 2212 hoc
821 2181 1094 2223 tempore.“-—-
1110 2179 1219 2211 Galen
1238 2178 1419 2211 heredem
1435 2177 1665 2211 Ciceronem

204 2231 310 2266 fecit.
335 2250 382 2255 -
402 2232 496 2262 crevi
523 2229 546 2262 i.
576 2239 607 2261 e.
637 2228 826 2271 professus
854 2238 949 2266 sum,
977 2238 1037 2263 me
1062 2237 1145 2259 eam
1170 2225 1426 2259 hereditatem
1455 2224 1665 2258 aditurum.

203 2298 250 2306 --
275 2282 468 2312 cretionem
493 2277 693 2320 simplicem
713 2273 847 2319 fuisse.
880 2274 974 2307 Puto
1003 2285 1064 2308 me
1091 2286 1211 2307 unum
1241 2284 1329 2306 cum
1356 2274 1530 2307 cretione
1557 2272 1668 2304 insti-

205 2333 330 2363 tutum
360 2326 496 2364 fuisse,
526 2323 710 2368 quoniam
738 2332 851 2355 nemo
879 2322 977 2354 alius
1003 2321 1049 2354 ad
1074 2333 1136 2355 me
1164 2321 1280 2362 misit,
1309 2326 1352 2354 ut
1378 2331 1508 2354 secum
1536 2330 1667 2353 cerne-

209 2386 303 2408 rem.
331 2373 460 2409 Gertio
485 2371 652 2417 simplex
676 2370 834 2414 dicitur²
862 2380 957 2414 quae
979 2369 1092 2402 unius
1118 2368 1273 2403 heredis
1301 2375 1367 2408 est,
1395 2367 1559 2411 reliquis
1585 2367 1668 2400 sine

207 2422 381 2458 cretione
426 2418 622 2452 institutis.
675 2416 849 2460 POPMA.
899 2417 1029 2457 Cretio
1067 2424 1140 2455 est,
1188 2423 1231 2450 ut
1270 2416 1441 2460 explicat
1477 2415 1668 2459 Ulpianus

205 2470 283 2503 Tit.
311 2468 410 2501 XXII
438 2469 495 2502 27.
525 2476 605 2509 sqq.
628 2472 822 2499 certorum
839 2464 992 2503 dierum
1015 2465 1195 2509 spatium,
1222 2463 1323 2508 quod
1350 2464 1464 2497 datur
1489 2462 1668 2495 instituto

206 2516 343 2553 heredi
380 2515 426 2548 ad
463 2513 780 2557 deliberandum,
819 2518 951 2545 utrum
990 2513 1168 2557 expediat
1195 2512 1230 2545 ei
1257 2511 1367 2545 adire
1404 2510 1665 2544 hereditatem

208 2576 280 2598 nec
306 2574 373 2605 ne3
400 2562 529 2596 velut:
574 2561 694 2595 Titius
719 2560 816 2595 heres
842 2565 914 2594 esto
940 2563 1142 2605 cernitoque
1168 2563 1205 2594 in
1232 2559 1353 2593 diebus
1379 2563 1521 2592 centum
1545 2560 1668 2601 proxi-

207 2615 288 2652 mis,
316 2612 443 2658 quihus
467 2611 590 2643 scierit
615 2611 842 2654 poteritque3
867 2611 941 2642 nisi
961 2611 1016 2640 ita
1036 2610 1197 2646 creverit,
1225 2607 1364 2641 exheres
1386 2612 1470 2640 esto.
1498 2606 1666 2638 Cernere

209 2667 264 2693 est
297 2659 414 2694 verba
449 2657 636 2690 cretionis
672 2656 801 2690 dicere
835 2656 880 2689 ad
914 2655 1021 2688 hunc
1051 2656 1230 2689 modum:
1276 2667 1386 2701 quum
1423 2665 1477 2687 me
1508 2651 1669 2687 Maevius

207 2708 368 2741 heredem
400 2707 620 2740 instituerit.
654 2716 732 2737 eam
758 2703 994 2737 hereditatem
1028 2703 1117 2737 adeo
1149 2714 1330 2748 aternoque.
1382 2701 1482 2736 SCH.
1510 2719 1556 2726 —
1582 2711 1666 2735 Vin.

208 2754 261 2789 Id.
288 2756 414 2794 Mart„
441 2765 500 2786 am
528 2754 562 2787 8.
590 2752 706 2786 M’a'rz.
