1795 3081
263 75 361 122 378
529 74 594 122 M.
630 72 682 119 Τ.
719 71 1062 123 CICERONIS
1096 73 1469 126 EPISTOLAE.

263 195 399 235 brius.
452 193 670 233 Proximis
700 194 815 233 enim
844 195 932 233 tuis
962 195 1103 233 literis
1132 196 1323 248 primum
1352 204 1395 237 te
1424 199 1471 238 id
1491 212 1578 239 non
1596 202 1714 242 nolle

220 247 465 307 Zcognovi.
521 249 588 288 De
616 248 850 299 Marcello,
891 251 1129 301 scripserat
1162 250 1218 289 ad
1252 265 1321 291 me
1351 255 1523 294 Cassius
1557 262 1712 308 antea3

261 304 316 347 τὰ
346 303 457 346 κατὰ
483 302 619 359 μέρος
646 303 840 343 Servius,
899 304 935 342 Ο
966 317 1058 343 rem
1088 306 1316 346 acerbam!
1364 307 1431 347 Ad
1468 311 1612 362 prima
1642 325 1710 351 re-

219 361 357 405 3deo.
414 359 590 412 Scripta
630 365 782 397 nostra
823 372 1035 410 nusquam
1077 361 1193 399 malo
1224 375 1315 401 esse
1345 377 1472 415 quam
1501 364 1615 417 apud
1645 373 1708 405 te:

260 417 335 456 sed
364 430 414 456 ea
442 423 535 455 tum
564 417 683 454 foras
720 413 833 464 dari,
870 428 1001 466 quum
1037 416 1214 468 utrique
1242 420 1441 463 nostr-imi
1470 420 1706 462 videbitur.

256 473 348 528 Ego
380 478 424 512 et
453 472 662 509 librarios
692 476 790 508 tuos
826 471 956 521 culpa
998 470 1140 509 libero
1180 484 1319 524 neque
1355 479 1398 512 te
1438 487 1620 523 accuso;
1666 483 1708 516 et

258 536 404 567 tamen
434 525 553 566 aliud
585 523 789 577 quiddam
818 523 873 562 ad
904 531 945 563 te
974 525 1248 577 scripseram,
1290 525 1549 568 Caerelliam
1579 544 1708 582 quae-

257 583 357 622 dam
388 582 564 631 habere,
595 593 703 633 quae
732 580 816 617 nisi
846 593 871 618 a
900 585 942 618 te
971 592 1058 618 non
1087 582 1296 632 potuerit.
1368 584 1503 623 Balbo
1534 585 1708 637 quidem

257 638 559 692 intelligebam
597 633 948 674 satisfaciendum
985 636 1141 674 fuisse:
1186 642 1356 675 tantum
1392 639 1594 678 nolebam
1632 648 1708 680 aut

257 693 501 733 obsolet‘um
531 693 668 731 Bruto
700 696 775 729 aut
791 690 925 729 Balbo
956 690 1206 729 inchoatum
1238 691 1348 732 dari.
1407 692 1619 745 Varroni,
1649 697 1706 734 si-

257 750 351 788 mul
381 761 430 787 ac
459 754 503 787 te
531 745 703 795 videm,
732 746 768 784 si
802 745 885 784 tibi
914 744 1153 795 videbitur,
1184 748 1366 787 mittam.
1416 748 1530 788 Ouid
1560 756 1705 789 autem

215 802 514 852 aldubitarim,
545 814 678 854 quum
700 800 854 839 videro
875 807 931 849 te,
962 801 1085 839 scies.
1132 800 1382 841 Attributos
1412 790 1528 856 (fuod
1557 806 1704 857 appel-

254 861 333 910 las,
363 857 491 900 valde
520 857 670 911 probe.
728 855 793 894 Te
828 853 880 894 de
909 854 1090 907 praedio
1121 855 1259 895 Oviae
1297 861 1495 898 exerceri
1522 861 1705 899 moleste

253 919 364 955 fero.
422 914 488 953 De
515 913 652 952 Bruto
684 917 851 960 nostro,
882 909 1189 962 perodiosum:
1220 911 1295 951 sed
1319 914 1411 952 vita
1444 916 1542 953 fert.
1601 914 1701 954 Mu-

252 972 384 1011 lieres
415 975 560 1008 autem
597 969 672 1007 vix
708 967 813 1005 satis
849 965 1051 1015 humane⁷
1093 979 1201 1018 quae
1236 968 1418 1007 inimico
1455 972 1600 1009 animo
1641 972 1703 1009 fe-

251 1032 366 1078 rant,
405 1037 538 1077 quum
565 1028 752 1074 utraque
782 1021 928 1060 officio
966 1027 1131 1074 pareat.
1189 1021 1388 1062 Tullium
1417 1025 1606 1064 scribam
1634 1026 1701 1063 ni-

249 1142 381 1183 Dexi,
407 1144 440 1177 3.
467 1140 638 1173 Atticum
665 1137 708 1170 ab
735 1148 777 1171 eo
802 1137 862 1170 his
888 1136 996 1170 libris
1021 1136 1209 1170 insertum
1237 1148 1326 1180 esse,
1357 1144 1506 1173 constat
1531 1152 1577 1174 ex
1601 1140 1701 1174 libro

248 1191 390 1236 primo,
418 1201 530 1233 quem
558 1187 804 1231 superstitem
830 1184 1022 1219 habemus.
1057 1186 1160 1218 SCH.
1199 1204 1246 1210 —
1279 1198 1350 1220 non
1386 1190 1493 1226 nolle,
1537 1189 1617 1222 dass
1642 1189 1701 1222 Du

249 1252 287 1274 es
314 1238 424 1271 nicht
449 1247 621 1283 ungerne
647 1234 777 1268 siehst.

343 1301 378 1334 2.
429 1299 484 1332 De
519 1297 703 1334 Marcello,
744 1304 821 1327 was
859 1291 921 1326 das
955 1290 1154 1326 Schicksal
1189 1292 1253 1327 des
1288 1294 1337 1328 M.
1369 1293 1528 1328 betrifft.
1564 1295 1601 1330 S.
1638 1307 1696 1340 ep.

246 1346 369 1389 DCH,
402 1349 435 1380 1.
472 1357 509 1378 u.
542 1344 615 1377 bes.
644 1342 806 1377 DLXVI.
837 1341 883 1365 ·-’
919 1341 1074 1374 Cassius.
1119 1340 1156 1375 S.
1184 1353 1232 1373 zu
1258 1353 1315 1386 ep.
1342 1343 1407 1376 241
1437 1342 1487 1375 im
1514 1343 1599 1376 Anf.
1644 1344 1701 1377 Er

245 1407 328 1431 war
358 1394 498 1428 damals
532 1392 573 1425 in
598 1389 857 1430 Brundisium,
892 1388 1097 1422 vielleicht
1127 1388 1224 1421 auch
1257 1388 1357 1422 nach
1383 1389 1509 1424 Athen
1541 1390 1700 1438 gekom..

244 1455 343 1477 men.
372 1461 416 1468 —
443 1442 491 1476 τά
519 1440 629 1476 κατὰ
653 1441 805 1485 μέρος,
842 1436 904 1470 die
930 1436 1129 1470 einzelnen
1155 1436 1373 1478 Umstzinde,
1410 1437 1562 1486 singula
1586 1449 1699 1483 quae-

244 1503 319 1536 que
344 1490 592 1530 articulatim,
616 1489 711 1521 fuse.
752 1484 840 1521 Vid.
870 1496 927 1529 ep.
954 1487 1035 1520 566.

338 1554 372 1586 3.
423 1553 487 1585 sed
516 1549 605 1583 volo
631 1549 711 1587 (aus
736 1546 852 1587 malo)
876 1549 957 1578 tum
982 1546 1081 1578 foras
1109 1545 1194 1577 dari
1216 1554 1265 1576 Ξ
1290 1545 1363 1587 edi,
1390 1544 1578 1592 evulgari,
1616 1545 1697 1580 dass

242 1600 298 1634 sie
333 1600 435 1634 dann
471 1602 549 1632 erst
582 1601 697 1629 untor
722 1594 782 1627 die
809 1594 928 1626 Leute
954 1592 1151 1632 kommen,
1186 1604 1313 1629 wanu.
1351 1612 1398 1619 —
1433 1596 1541 1639 culpa
1566 1595 1692 1636 libero,

241 1648 307 1681 ich
333 1647 494 1693 spx-eche
521 1656 597 1678 von
623 1642 769 1677 Schuld
793 1641 878 1674 frei.
912 1641 998 1688 Vgl.
1026 1641 1062 1673 d.
1090 1640 1216 1687 vorig.
1242 1640 1303 1674 Br.
1334 1642 1360 1684 ξ,
1386 1641 1420 1676 5.
1460 1660 1502 1667 -
1550 1643 1692 1676 Caerel-

241 1698 345 1730 liam.
379 1696 414 1731 S.
443 1695 466 1727 d
502 1692 627 1740 voi-ig.
656 1692 718 1724 Er.
743 1691 770 1733 ξ.
798 1691 831 1731 5,
857 1707 905 1713 -
931 1703 953 1722 α
979 1694 1012 1722 te
1036 1687 1175 1721 habere
1201 1700 1272 1722 non
1296 1689 1476 1733 potuerit.
1500 1707 1543 1713 —
1565 1691 1692 1726 Balbo.

241 1743 282 1777 S.
308 1743 432 1790 vorig.
459 1742 520 1775 Br.
556 1742 581 1782 ᾗ.
610 1743 642 1774 li.
679 1757 725 1762 —-
764 1738 986 1778 inchoatum,
1024 1734 1249 1781 ἀδιόρθωτον
1283 1737 1336 1770 im
1363 1737 1487 1783 vorig.
1513 1736 1574 1771 Br.
1602 1738 1629 1781 ξ,
1657 1740 1690 1771 [1.

238 1789 627 1837 „undurchgesehen‚
662 1785 792 1834 gleich
818 1797 881 1818 aus
917 1785 985 1818 der
1010 1789 1136 1818 ersten
1164 1783 1313 1824 Han‹l,“
1347 1785 1400 1817 im
1429 1786 1691 1831 Gegeuswvon

237 1843 448 1880 obsoletum,
474 1837 593 1870 sehon
620 1835 673 1867 als
700 1835 829 1868 Etwas
854 1833 960 1866 altes.
998 1850 1042 1857 —-
1079 1832 1175 1874 Quid
1195 1831 1407 1874 dubitarim,
1445 1845 1592 1867 warum
1620 1833 1687 1866 ich

237 1888 340 1922 noch
365 1885 571 1920 Bedenken
597 1889 715 1930 trage.

333 1962 366 1994 ll.
416 1954 780 1993 Attrihutos..valde
802 1954 913 1998 probe
939 1952 1031 1999 agis,
1063 1951 1143 1985 dass
1168 1951 1228 1985 Du
1262 1951 1387 1985 meine
1413 1952 1689 1987 ausstehenden

237 2007 384 2042 Gelder
408 2017 486 2040 von
511 2006 656 2043 Denen,
691 2014 738 2035 an
764 2001 826 2035 die
854 2001 920 2034 ich
956 1999 1076 2033 damit
1100 2000 1338 2046 angewiesen
1365 2000 1441 2042 bin,
1477 2001 1686 2041 eintreffist,

235 2055 354 2089 daran
380 2055 486 2087 thust
510 2053 570 2086 Du
595 2051 685 2085 sehr
709 2051 810 2084 brav.
841 2068 882 2074 -
923 2048 969 2082 Te
995 2049 1035 2081 de
1057 2049 1208 2092 praedio
1237 2049 1346 2082 Ouiae
1370 2060 1494 2088 exera,
1521 2049 1601 2082 dass
1626 2050 1686 2082 Du

235 2104 278 2136 in
311 2102 457 2136 Befreff
490 2100 552 2134 des
589 2099 783 2145 Landguts
818 2097 885 2130 der
922 2096 1013 2130 Ovia
1048 2107 1086 2129 so
1124 2096 1228 2130 viele
1269 2096 1383 2143 Plage
1420 2095 1513 2130 hast.
1553 2096 1589 2130 S.
1627 2108 1684 2141 ep.

235 2150 470 2188 DXXXVIIL
495 2151 529 2183 ll.
569 2147 721 2188 DXLu,
749 2149 781 2180 1.
815 2144 1023 2185 DXLVHI,
1049 2145 1082 2178 2.
1114 2162 1161 2168 —
1193 2146 1234 2177 de
1258 2146 1386 2185 Bruto,
1413 2144 1531 2178 Deine
1559 2143 1684 2178 Nach-

234 2199 388 2232 richten
413 2209 488 2231 von
522 2196 596 2230 den
621 2193 847 2228 h'a'uslichen
874 2191 1322 2227 Unannehmliehkeiten
1351 2192 1414 2226 des
1439 2192 1578 2226 Brutus
1604 2204 1685 2226 ma—

233 2248 336 2280 cheu
374 2246 486 2279 einen
517 2243 743 2291 gehiissigen
779 2240 982 2275 Eindruck
1019 2241 1087 2273 auf
1118 2240 1236 2273 mich.
1288 2239 1393 2273 Lites
1433 2245 1542 2273 erant
1577 2245 1681 2274 ortae

232 2295 335 2328 inter
360 2294 541 2333 Porciam,
575 2302 713 2325 novam
740 2290 941 2335 coniugem
968 2288 1078 2321 Bruti
1105 2289 1261 2332 eiusque
1288 2293 1451 2321 matrem
1476 2287 1682 2321 Serviliam

232 2342 533 2384 (Stiefmutter);
560 2351 699 2383 eaeque
727 2349 803 2371 non
829 2338 941 2370 aliam
965 2336 1010 2370 ob
1037 2348 1199 2378 causam,
1227 2347 1339 2379 quam
1368 2335 1469 2378 quod
1493 2332 1683 2382 ζηλοτυπίᾳ

231 2396 362 2424 mutua
386 2389 569 2423 mulieres
594 2391 859 2433 aegrotarent3
887 2384 987 2428 quod
1013 2394 1141 2417 socrus
1166 2384 1316 2417 scilicet
1334 2383 1490 2418 Porciae
1511 2395 1679 2417 amorem

232 2438 375 2478 marni,
402 2449 519 2470 nurus
545 2435 732 2470 Serviliae
757 2445 923 2467 amorem
952 2432 1013 2465 illi
1039 2432 1240 2465 invideret.
1299 2432 1429 2475 Itaque
1456 2432 1590 2466 Cicero
1615 2431 1680 2472 ait,

231 2487 415 2520 mulieres
436 2485 500 2518 vix
514 2485 602 2517 satis
622 2482 786 2516 humane
806 2484 944 2515 facere.
963 2492 1057 2523 quae
1075 2480 1231 2512 inimico
1253 2479 1380 2513 animo
1397 2481 1533 2520 ferant,
1561 2491 1677 2523 quum

230 2540 396 2577 utraque
431 2533 558 2567 officio
594 2536 724 2575 pax-eat
756 2532 794 2564 h.
824 2542 854 2564 e.
890 2528 989 2573 quod
1015 2528 1180 2561 Servilia
1216 2527 1375 2560 Brutum
1411 2532 1453 2559 ut
1488 2528 1612 2560 filium
1642 2533 1678 2560 et

232 2583 364 2615 Porcia
391 2594 475 2616 euin
502 2586 545 2613 ut
569 2579 748 2612 maritum
775 2583 885 2613 amet.
914 2577 1014 2611 SCH.
1040 2595 1087 2600 —
1111 2578 1187 2608 υἰία
1204 2575 1298 2618 fert,
1338 2574 1434 2608 (loch
1461 2587 1497 2608 es
1524 2574 1615 2623 geht
1639 2587 1678 2608 so

232 2631 282 2663 im
312 2630 451 2663 Leben.
496 2648 536 2654 -—-
574 2628 619 2660 Μ.
647 2628 804 2660 Tullium
834 2628 1034 2664 Lauream,
1075 2623 1271 2657 Ciceronis
1307 2623 1488 2656 libertum
1524 2623 1679 2665 eiusque

234 2678 274 2709 in
303 2678 438 2710 Cilicia
473 2676 646 2710 scribam.
685 2675 770 2707 Vid.
807 2686 864 2718 ep.
894 2676 955 2708 187
991 2678 1026 2706 et
1051 2674 1132 2707 302.
1168 2671 1348 2712 „Meinen
1374 2670 1564 2704 Secretair
1588 2670 1680 2704 Tul-

232 2726 305 2758 lius
330 2725 470 2759 h'zittest
495 2726 554 2762 Du
578 2723 687 2756 nicht
714 2722 853 2769 nb'thig·
877 2720 1015 2769 gehabi
1040 2732 1110 2753 zur
1127 2719 1303 2766 Zahlung
1328 2719 1597 2752 anzuhalten.“
1624 2718 1679 2751 Er
