<?xml version="1.0" encoding="UTF-8"?>
<!DOCTYPE html PUBLIC "-//W3C//DTD XHTML 1.0 Transitional//EN"
    "http://www.w3.org/TR/xhtml1/DTD/xhtml1-transitional.dtd">
<html xmlns="http://www.w3.org/1999/xhtml" xml:lang="en" lang="en">
 <head>
  <title>
</title>
<meta http-equiv="Content-Type" content="text/html;charset=utf-8" />
  <meta name='ocr-system' content='tesseract 3.04.00' />
  <meta name='ocr-capabilities' content='ocr_page ocr_carea ocr_par ocr_line ocrx_word'/>
</head>
<body>
  <div class='ocr_page' id='page_1' title='image "./epistolaeadattic03ciceuoft_0311.png"; bbox 0 0 1795 3081; ppageno 0'>
   <div class='ocr_carea' id='block_1_1' title="bbox 566 82 1571 136">
    <p class='ocr_par' dir='ltr' id='par_1_1' title="bbox 566 82 1571 136">
     <span class='ocr_line' id='line_1_1' title="bbox 566 82 1571 136; baseline -0.002 -3"><span class='ocrx_word' id='word_1_1' title='bbox 566 82 892 134; x_wconf 88' lang='lat' dir='ltr'>EPISTOLA</span> <span class='ocrx_word' id='word_1_2' title='bbox 928 84 1127 136; x_wconf 89' lang='lat' dir='ltr'><strong>DLXV.</strong></span> <span class='ocrx_word' id='word_1_3' title='bbox 1475 85 1571 132; x_wconf 88' lang='grc'>301</span> 
     </span>
    </p>
   </div>
   <div class='ocr_carea' id='block_1_2' title="bbox 101 205 1574 982">
    <p class='ocr_par' dir='ltr' id='par_1_2' title="bbox 101 205 1574 980">
     <span class='ocr_line' id='line_1_2' title="bbox 107 205 1574 261; baseline 0.001 -16"><span class='ocrx_word' id='word_1_4' title='bbox 107 207 177 246; x_wconf 89' lang='lat' dir='ltr'>illi</span> <span class='ocrx_word' id='word_1_5' title='bbox 206 208 398 261; x_wconf 80' lang='lat' dir='ltr'>tempori</span> <span class='ocrx_word' id='word_1_6' title='bbox 427 207 567 247; x_wconf 82' lang='lat' dir='ltr'>tribui</span> <span class='ocrx_word' id='word_1_7' title='bbox 605 212 863 260; x_wconf 87' lang='lat' dir='ltr'>potuerunt,</span> <span class='ocrx_word' id='word_1_8' title='bbox 907 205 1154 247; x_wconf 82' lang='lat' dir='ltr'>declaravit</span> <span class='ocrx_word' id='word_1_9' title='bbox 1196 212 1240 247; x_wconf 84' lang='lat' dir='ltr'>et</span> <span class='ocrx_word' id='word_1_10' title='bbox 1270 208 1434 260; x_wconf 64' lang='lat' dir='ltr'>,quanti</span> <span class='ocrx_word' id='word_1_11' title='bbox 1478 208 1574 260; x_wconf 82' lang='lat' dir='ltr'>ipse</span> 
     </span>
     <span class='ocr_line' id='line_1_3' title="bbox 109 262 1574 318; baseline 0 -17"><span class='ocrx_word' id='word_1_12' title='bbox 109 276 178 304; x_wconf 89' lang='lat' dir='ltr'>me</span> <span class='ocrx_word' id='word_1_13' title='bbox 208 265 375 303; x_wconf 86' lang='lat' dir='ltr'>faceret</span> <span class='ocrx_word' id='word_1_14' title='bbox 413 270 457 303; x_wconf 87' lang='lat' dir='ltr'>et</span> <span class='ocrx_word' id='word_1_15' title='bbox 495 276 625 316; x_wconf 86' lang='lat' dir='ltr'>quam</span> <span class='ocrx_word' id='word_1_16' title='bbox 666 276 792 301; x_wconf 91' lang='lat' dir='ltr'>suum</span> <span class='ocrx_word' id='word_1_17' title='bbox 830 262 963 301; x_wconf 87' lang='lat' dir='ltr'>talem</span> <span class='ocrx_word' id='word_1_18' title='bbox 1009 276 1114 318; x_wconf 85' lang='lat' dir='ltr'>erga</span> <span class='ocrx_word' id='word_1_19' title='bbox 1154 276 1223 302; x_wconf 89' lang='lat' dir='ltr'>me</span> <span class='ocrx_word' id='word_1_20' title='bbox 1263 265 1458 301; x_wconf 83' lang='lat' dir='ltr'>animum</span> <span class='ocrx_word' id='word_1_21' title='bbox 1490 263 1574 301; x_wconf 80' lang='lat' dir='ltr'>tibi</span> 
     </span>
     <span class='ocr_line' id='line_1_4' title="bbox 110 296 1574 374; baseline 0.001 -17"><span class='ocrx_word' id='word_1_22' title='bbox 110 325 286 374; x_wconf 85' lang='lat' dir='ltr'>gratum</span> <span class='ocrx_word' id='word_1_23' title='bbox 336 325 513 372; x_wconf 85' lang='lat' dir='ltr'>putaret</span> <span class='ocrx_word' id='word_1_24' title='bbox 561 320 686 357; x_wconf 90' lang='lat' dir='ltr'>fore:</span> <span class='ocrx_word' id='word_1_25' title='bbox 733 319 858 356; x_wconf 90' lang='lat' dir='ltr'>cuius</span> <span class='ocrx_word' id='word_1_26' title='bbox 902 318 1049 357; x_wconf 86' lang='lat' dir='ltr'>officia</span> <span class='ocrx_word' id='word_1_27' title='bbox 1061 296 1357 358; x_wconf 46' lang='lat' dir='ltr'>„iucundiora</span> <span class='ocrx_word' id='word_1_28' title='bbox 1399 318 1574 358; x_wconf 86' lang='lat' dir='ltr'>scilicet</span> 
     </span>
     <span class='ocr_line' id='line_1_5' title="bbox 108 373 1572 429; baseline 0 -17"><span class='ocrx_word' id='word_1_29' title='bbox 108 387 236 427; x_wconf 81' lang='lat' dir='ltr'>saepe</span> <span class='ocrx_word' id='word_1_30' title='bbox 266 375 375 413; x_wconf 89' lang='lat' dir='ltr'>mihi</span> <span class='ocrx_word' id='word_1_31' title='bbox 405 374 587 423; x_wconf 84' lang='lat' dir='ltr'>fuerint,</span> <span class='ocrx_word' id='word_1_32' title='bbox 618 386 840 426; x_wconf 87' lang='lat' dir='ltr'>nunquam</span> <span class='ocrx_word' id='word_1_33' title='bbox 869 379 1015 412; x_wconf 86' lang='lat' dir='ltr'>tamen</span> <span class='ocrx_word' id='word_1_34' title='bbox 1045 375 1257 429; x_wconf 81' lang='lat' dir='ltr'>grati01a.</span> <span class='ocrx_word' id='word_1_35' title='bbox 1316 373 1392 413; x_wconf 82' lang='lat' dir='ltr'>Me</span> <span class='ocrx_word' id='word_1_36' title='bbox 1422 380 1572 413; x_wconf 81' lang='lat' dir='ltr'>autem</span> 
     </span>
     <span class='ocr_line' id='line_1_6' title="bbox 106 427 1573 484; baseline -0.001 -16"><span class='ocrx_word' id='word_1_37' title='bbox 106 443 195 468; x_wconf 87' lang='lat' dir='ltr'>non</span> <span class='ocrx_word' id='word_1_38' title='bbox 226 443 278 468; x_wconf 86' lang='lat'>01</span> <span class='ocrx_word' id='word_1_39' title='bbox 281 432 370 469; x_wconf 86' lang='lat' dir='ltr'>atio</span> <span class='ocrx_word' id='word_1_40' title='bbox 400 436 476 469; x_wconf 88' lang='lat' dir='ltr'>tua</span> <span class='ocrx_word' id='word_1_41' title='bbox 505 430 646 468; x_wconf 87' lang='lat' dir='ltr'>solum</span> <span class='ocrx_word' id='word_1_42' title='bbox 689 435 732 468; x_wconf 90' lang='lat' dir='ltr'>et</span> <span class='ocrx_word' id='word_1_43' title='bbox 760 429 947 467; x_wconf 88' lang='lat' dir='ltr'>societas</span> <span class='ocrx_word' id='word_1_44' title='bbox 976 440 1114 481; x_wconf 87' lang='lat' dir='ltr'>paene</span> <span class='ocrx_word' id='word_1_45' title='bbox 1144 428 1452 484; x_wconf 78' lang='lat' dir='ltr'>aegritudinis,</span> <span class='ocrx_word' id='word_1_46' title='bbox 1494 427 1573 468; x_wconf 87' lang='lat' dir='ltr'>sed</span> 
     </span>
     <span class='ocr_line' id='line_1_7' title="bbox 108 483 1570 537; baseline 0 -13"><span class='ocrx_word' id='word_1_47' title='bbox 108 487 241 525; x_wconf 85' lang='lat' dir='ltr'>etiam</span> <span class='ocrx_word' id='word_1_48' title='bbox 271 487 515 524; x_wconf 78' lang='lat' dir='ltr'>auctoritas</span> <span class='ocrx_word' id='word_1_49' title='bbox 546 484 814 523; x_wconf 86' lang='lat' dir='ltr'>consolatur.</span> <span class='ocrx_word' id='word_1_50' title='bbox 883 483 1036 537; x_wconf 86' lang='lat' dir='ltr'>Turpe</span> <span class='ocrx_word' id='word_1_51' title='bbox 1073 486 1189 524; x_wconf 88' lang='lat' dir='ltr'>enim</span> <span class='ocrx_word' id='word_1_52' title='bbox 1234 498 1326 524; x_wconf 88' lang='lat' dir='ltr'>esse</span> <span class='ocrx_word' id='word_1_53' title='bbox 1366 486 1570 524; x_wconf 83' lang='lat' dir='ltr'>existimo</span> 
     </span>
     <span class='ocr_line' id='line_1_8' title="bbox 104 539 1571 592; baseline 0 -13"><span class='ocrx_word' id='word_1_54' title='bbox 104 554 174 580; x_wconf 91' lang='lat' dir='ltr'>me</span> <span class='ocrx_word' id='word_1_55' title='bbox 205 554 292 579; x_wconf 88' lang='lat' dir='ltr'>non</span> <span class='ocrx_word' id='word_1_56' title='bbox 322 542 385 580; x_wconf 87' lang='lat' dir='ltr'>ita</span> <span class='ocrx_word' id='word_1_57' title='bbox 415 542 534 579; x_wconf 86' lang='lat' dir='ltr'>ferre</span> <span class='ocrx_word' id='word_1_58' title='bbox 564 553 711 579; x_wconf 88' lang='lat' dir='ltr'>casum</span> <span class='ocrx_word' id='word_1_59' title='bbox 740 552 900 590; x_wconf 87' lang='lat' dir='ltr'>meum,</span> <span class='ocrx_word' id='word_1_60' title='bbox 931 546 981 578; x_wconf 89' lang='lat' dir='ltr'>ut</span> <span class='ocrx_word' id='word_1_61' title='bbox 1010 546 1071 586; x_wconf 91' lang='lat' dir='ltr'>tu,</span> <span class='ocrx_word' id='word_1_62' title='bbox 1102 539 1184 579; x_wconf 89' lang='lat' dir='ltr'>tali</span> <span class='ocrx_word' id='word_1_63' title='bbox 1206 542 1421 592; x_wconf 76' lang='lat' dir='ltr'>sapientia</span> <span class='ocrx_word' id='word_1_64' title='bbox 1442 553 1571 592; x_wconf 86' lang='lat' dir='ltr'>prae-</span> 
     </span>
     <span class='ocr_line' id='line_1_9' title="bbox 103 593 1572 648; baseline 0 -13"><span class='ocrx_word' id='word_1_65' title='bbox 103 595 237 646; x_wconf 85' lang='lat' dir='ltr'>ditus,</span> <span class='ocrx_word' id='word_1_66' title='bbox 279 595 508 635; x_wconf 89' lang='lat' dir='ltr'>ferendum</span> <span class='ocrx_word' id='word_1_67' title='bbox 546 602 687 648; x_wconf 85' lang='lat' dir='ltr'>putas,</span> <span class='ocrx_word' id='word_1_68' title='bbox 753 593 840 634; x_wconf 86' lang='lat' dir='ltr'>Sed</span> <span class='ocrx_word' id='word_1_69' title='bbox 879 596 1111 647; x_wconf 83' lang='lat' dir='ltr'>opprimor</span> <span class='ocrx_word' id='word_1_70' title='bbox 1148 594 1371 634; x_wconf 86' lang='lat' dir='ltr'>interdum</span> <span class='ocrx_word' id='word_1_71' title='bbox 1412 602 1456 635; x_wconf 85' lang='lat' dir='ltr'>et</span> <span class='ocrx_word' id='word_1_72' title='bbox 1491 597 1572 635; x_wconf 78' lang='lat' dir='ltr'>vix</span> 
     </span>
     <span class='ocr_line' id='line_1_10' title="bbox 103 650 1571 703; baseline 0 -14"><span class='ocrx_word' id='word_1_73' title='bbox 103 653 260 691; x_wconf 79' lang='lat' dir='ltr'>resisto</span> <span class='ocrx_word' id='word_1_74' title='bbox 292 651 455 700; x_wconf 88' lang='lat' dir='ltr'>dolori,</span> <span class='ocrx_word' id='word_1_75' title='bbox 486 650 603 702; x_wconf 87' lang='lat' dir='ltr'>quod</span> <span class='ocrx_word' id='word_1_76' title='bbox 633 664 684 689; x_wconf 90' lang='lat' dir='ltr'>ea</span> <span class='ocrx_word' id='word_1_77' title='bbox 711 664 781 689; x_wconf 88' lang='lat' dir='ltr'>me</span> <span class='ocrx_word' id='word_1_78' title='bbox 809 650 968 688; x_wconf 86' lang='lat' dir='ltr'>solatia</span> <span class='ocrx_word' id='word_1_79' title='bbox 999 650 1220 697; x_wconf 82' lang='lat' dir='ltr'>deficiunt,</span> <span class='ocrx_word' id='word_1_80' title='bbox 1254 660 1364 703; x_wconf 80' lang='lat' dir='ltr'>quae</span> <span class='ocrx_word' id='word_1_81' title='bbox 1394 652 1571 700; x_wconf 86' lang='lat' dir='ltr'>ceteris,</span> 
     </span>
     <span class='ocr_line' id='line_1_11' title="bbox 103 706 1570 759; baseline 0 -15"><span class='ocrx_word' id='word_1_82' title='bbox 103 720 292 759; x_wconf 88' lang='lat' dir='ltr'>quorum</span> <span class='ocrx_word' id='word_1_83' title='bbox 328 707 438 744; x_wconf 88' lang='lat' dir='ltr'>mihi</span> <span class='ocrx_word' id='word_1_84' title='bbox 488 706 688 759; x_wconf 73' lang='lat' dir='ltr'>exempla</span> <span class='ocrx_word' id='word_1_85' title='bbox 731 718 948 759; x_wconf 75' lang='lat' dir='ltr'>propono,</span> <span class='ocrx_word' id='word_1_86' title='bbox 1001 707 1138 744; x_wconf 84' lang='lat' dir='ltr'>simili</span> <span class='ocrx_word' id='word_1_87' title='bbox 1181 707 1227 744; x_wconf 88' lang='lat' dir='ltr'>in</span> <span class='ocrx_word' id='word_1_88' title='bbox 1264 708 1443 744; x_wconf 84' lang='lat' dir='ltr'>fortuna</span> <span class='ocrx_word' id='word_1_89' title='bbox 1480 719 1570 744; x_wconf 89' lang='lat' dir='ltr'>non</span> 
     </span>
     <span class='ocr_line' id='line_1_12' title="bbox 104 760 1570 813; baseline -0.001 -13"><span class='ocrx_word' id='word_1_90' title='bbox 104 762 354 801; x_wconf 87' lang='lat' dir='ltr'>defuerunt.</span> <span class='ocrx_word' id='word_1_91' title='bbox 412 760 527 800; x_wconf 84' lang='lat' dir='ltr'>Nam</span> <span class='ocrx_word' id='word_1_92' title='bbox 559 767 602 801; x_wconf 85' lang='lat' dir='ltr'>et</span> <span class='ocrx_word' id='word_1_93' title='bbox 632 761 681 813; x_wconf 80' lang='lat' dir='ltr'>Q.</span> <span class='ocrx_word' id='word_1_94' title='bbox 714 761 950 810; x_wconf 72' lang='lat' dir='ltr'>lVIaximus,</span> <span class='ocrx_word' id='word_1_95' title='bbox 994 762 1069 813; x_wconf 88' lang='lat' dir='ltr'>qui</span> <span class='ocrx_word' id='word_1_96' title='bbox 1106 762 1245 800; x_wconf 87' lang='lat' dir='ltr'>filium</span> <span class='ocrx_word' id='word_1_97' title='bbox 1277 763 1570 812; x_wconf 82' lang='lat' dir='ltr'>consularem,</span> 
     </span>
     <span class='ocr_line' id='line_1_13' title="bbox 103 816 1570 872; baseline -0.001 -17"><span class='ocrx_word' id='word_1_98' title='bbox 103 818 273 856; x_wconf 83' lang='lat' dir='ltr'>clarum</span> <span class='ocrx_word' id='word_1_99' title='bbox 301 818 451 856; x_wconf 81' lang='lat' dir='ltr'>virum</span> <span class='ocrx_word' id='word_1_100' title='bbox 482 823 525 856; x_wconf 86' lang='lat' dir='ltr'>et</span> <span class='ocrx_word' id='word_1_101' title='bbox 554 818 721 872; x_wconf 82' lang='lat' dir='ltr'>magnis</span> <span class='ocrx_word' id='word_1_102' title='bbox 753 817 884 856; x_wconf 89' lang='lat' dir='ltr'>rebus</span> <span class='ocrx_word' id='word_1_103' title='bbox 915 818 1063 872; x_wconf 83' lang='lat' dir='ltr'>gestis,</span> <span class='ocrx_word' id='word_1_104' title='bbox 1092 818 1262 865; x_wconf 79' lang='lat' dir='ltr'>amisit3</span> <span class='ocrx_word' id='word_1_105' title='bbox 1294 823 1338 855; x_wconf 77' lang='lat' dir='ltr'>et</span> <span class='ocrx_word' id='word_1_106' title='bbox 1366 817 1416 855; x_wconf 88' lang='lat' dir='ltr'>L.</span> <span class='ocrx_word' id='word_1_107' title='bbox 1440 816 1570 855; x_wconf 83' lang='lat' dir='ltr'>Paul-</span> 
     </span>
     <span class='ocr_line' id='line_1_14' title="bbox 101 853 1570 936; baseline 0 -26"><span class='ocrx_word' id='word_1_108' title='bbox 101 873 186 936; x_wconf 86' lang='lat' dir='ltr'>lus,</span> <span class='ocrx_word' id='word_1_109' title='bbox 217 874 292 926; x_wconf 86' lang='lat' dir='ltr'>qui</span> <span class='ocrx_word' id='word_1_110' title='bbox 322 872 408 911; x_wconf 91' lang='lat' dir='ltr'>duo</span> <span class='ocrx_word' id='word_1_111' title='bbox 438 878 603 925; x_wconf 81' lang='lat' dir='ltr'>septem</span> <span class='ocrx_word' id='word_1_112' title='bbox 626 853 809 920; x_wconf 76' lang='lat' dir='ltr'>diebus3</span> <span class='ocrx_word' id='word_1_113' title='bbox 846 877 888 910; x_wconf 87' lang='lat' dir='ltr'>et</span> <span class='ocrx_word' id='word_1_114' title='bbox 916 878 1063 911; x_wconf 84' lang='lat' dir='ltr'>vester</span> <span class='ocrx_word' id='word_1_115' title='bbox 1094 870 1246 911; x_wconf 87' lang='lat' dir='ltr'>Gallus</span> <span class='ocrx_word' id='word_1_116' title='bbox 1277 877 1320 910; x_wconf 86' lang='lat' dir='ltr'>et</span> <span class='ocrx_word' id='word_1_117' title='bbox 1349 871 1411 910; x_wconf 78' lang='lat' dir='ltr'>M.</span> <span class='ocrx_word' id='word_1_118' title='bbox 1444 871 1570 921; x_wconf 87' lang='lat' dir='ltr'>Cato,</span> 
     </span>
     <span class='ocr_line' id='line_1_15' title="bbox 107 926 1571 982; baseline -0.001 -16"><span class='ocrx_word' id='word_1_119' title='bbox 107 929 182 980; x_wconf 91' lang='lat' dir='ltr'>qui</span> <span class='ocrx_word' id='word_1_120' title='bbox 221 941 389 967; x_wconf 88' lang='lat' dir='ltr'>summo</span> <span class='ocrx_word' id='word_1_121' title='bbox 429 929 623 982; x_wconf 79' lang='lat' dir='ltr'>ingenio,</span> <span class='ocrx_word' id='word_1_122' title='bbox 676 941 843 966; x_wconf 86' lang='lat' dir='ltr'>summa</span> <span class='ocrx_word' id='word_1_123' title='bbox 878 929 1047 966; x_wconf 84' lang='lat' dir='ltr'>virtute</span> <span class='ocrx_word' id='word_1_124' title='bbox 1086 927 1228 966; x_wconf 88' lang='lat' dir='ltr'>filium</span> <span class='ocrx_word' id='word_1_125' title='bbox 1263 926 1475 980; x_wconf 82' lang='lat' dir='ltr'>perdidit,</span> <span class='ocrx_word' id='word_1_126' title='bbox 1515 929 1571 965; x_wconf 90' lang='lat' dir='ltr'>iis</span> 
     </span>
    </p>
   </div>
   <div class='ocr_carea' id='block_1_3' title="bbox 106 977 1571 1038">
    <p class='ocr_par' dir='ltr' id='par_1_3' title="bbox 106 977 1571 1038">
     <span class='ocr_line' id='line_1_16' title="bbox 106 977 1571 1038; baseline -0.001 -16"><span class='ocrx_word' id='word_1_127' title='bbox 106 984 381 1036; x_wconf 85' lang='lat' dir='ltr'>temporibus</span> <span class='ocrx_word' id='word_1_128' title='bbox 411 985 606 1033; x_wconf 87' lang='lat' dir='ltr'>fuerunt,</span> <span class='ocrx_word' id='word_1_129' title='bbox 645 989 696 1022; x_wconf 93' lang='lat' dir='ltr'>ut</span> <span class='ocrx_word' id='word_1_130' title='bbox 735 996 885 1022; x_wconf 86' lang='lat' dir='ltr'>eorum</span> <span class='ocrx_word' id='word_1_131' title='bbox 924 983 1094 1021; x_wconf 87' lang='lat' dir='ltr'>luctum</span> <span class='ocrx_word' id='word_1_132' title='bbox 1136 984 1335 1035; x_wconf 89' lang='lat' dir='ltr'>ipsorum</span> <span class='ocrx_word' id='word_1_133' title='bbox 1378 977 1571 1038; x_wconf 82' lang='lat' dir='ltr'>dignitas</span> 
     </span>
    </p>
   </div>
   <div class='ocr_carea' id='block_1_4' title="bbox 103 1038 1612 1370">
    <p class='ocr_par' dir='ltr' id='par_1_4' title="bbox 103 1038 1612 1369">
     <span class='ocr_line' id='line_1_17' title="bbox 106 1038 1612 1090; baseline 0.001 -14"><span class='ocrx_word' id='word_1_134' title='bbox 106 1040 415 1078; x_wconf 76' lang='lat' dir='ltr'>consolaretur</span> <span class='ocrx_word' id='word_1_135' title='bbox 433 1051 497 1088; x_wconf 88' lang='lat' dir='ltr'>ea,</span> <span class='ocrx_word' id='word_1_136' title='bbox 529 1051 658 1090; x_wconf 86' lang='lat' dir='ltr'>quam</span> <span class='ocrx_word' id='word_1_137' title='bbox 690 1051 712 1077; x_wconf 89' lang='lat' dir='ltr'>e</span> <span class='ocrx_word' id='word_1_138' title='bbox 743 1052 791 1077; x_wconf 89' lang='lat' dir='ltr'>re</span> <span class='ocrx_word' id='word_1_139' title='bbox 817 1038 995 1090; x_wconf 87' lang='lat' dir='ltr'>publica</span> <span class='ocrx_word' id='word_1_140' title='bbox 1018 1038 1410 1090; x_wconf 74' lang='lat' dir='ltr'>consequebantur.</span> <span class='ocrx_word' id='word_1_141' title='bbox 1451 1038 1612 1078; x_wconf 78' lang='lat' dir='ltr'>Mihiz</span> 
     </span>
     <span class='ocr_line' id='line_1_18' title="bbox 103 1094 1570 1146; baseline 0 -14"><span class='ocrx_word' id='word_1_142' title='bbox 103 1100 264 1144; x_wconf 87' lang='lat' dir='ltr'>autem,</span> <span class='ocrx_word' id='word_1_143' title='bbox 312 1095 481 1132; x_wconf 84' lang='lat' dir='ltr'>amissis</span> <span class='ocrx_word' id='word_1_144' title='bbox 524 1095 794 1132; x_wconf 80' lang='lat' dir='ltr'>ornamentis</span> <span class='ocrx_word' id='word_1_145' title='bbox 837 1094 908 1143; x_wconf 85' lang='lat' dir='ltr'>iis,</span> <span class='ocrx_word' id='word_1_146' title='bbox 967 1106 1075 1146; x_wconf 80' lang='lat' dir='ltr'>quae</span> <span class='ocrx_word' id='word_1_147' title='bbox 1114 1095 1206 1145; x_wconf 85' lang='lat' dir='ltr'>ipse</span> <span class='ocrx_word' id='word_1_148' title='bbox 1251 1106 1570 1132; x_wconf 84' lang='lat' dir='ltr'>commemoras</span> 
     </span>
     <span class='ocr_line' id='line_1_19' title="bbox 105 1147 1573 1201; baseline 0 -14"><span class='ocrx_word' id='word_1_149' title='bbox 105 1162 301 1201; x_wconf 84' lang='lat' dir='ltr'>quaeque</span> <span class='ocrx_word' id='word_1_150' title='bbox 341 1162 460 1188; x_wconf 82' lang='lat' dir='ltr'>eram</span> <span class='ocrx_word' id='word_1_151' title='bbox 498 1150 702 1187; x_wconf 78' lang='lat' dir='ltr'>maximis</span> <span class='ocrx_word' id='word_1_152' title='bbox 732 1148 961 1187; x_wconf 81' lang='lat' dir='ltr'>laboribus</span> <span class='ocrx_word' id='word_1_153' title='bbox 1005 1147 1203 1201; x_wconf 84' lang='lat' dir='ltr'>adeptus,</span> <span class='ocrx_word' id='word_1_154' title='bbox 1243 1162 1380 1187; x_wconf 86' lang='lat' dir='ltr'>unum</span> <span class='ocrx_word' id='word_1_155' title='bbox 1422 1162 1573 1188; x_wconf 87' lang='lat' dir='ltr'>mane-</span> 
     </span>
     <span class='ocr_line' id='line_1_20' title="bbox 104 1203 1571 1256; baseline -0.001 -13"><span class='ocrx_word' id='word_1_156' title='bbox 104 1205 182 1244; x_wconf 84' lang='lat' dir='ltr'>bat</span> <span class='ocrx_word' id='word_1_157' title='bbox 221 1203 334 1242; x_wconf 91' lang='lat' dir='ltr'>illud</span> <span class='ocrx_word' id='word_1_158' title='bbox 371 1205 595 1254; x_wconf 86' lang='lat' dir='ltr'>solatium,</span> <span class='ocrx_word' id='word_1_159' title='bbox 635 1203 752 1256; x_wconf 81' lang='lat' dir='ltr'>quod</span> <span class='ocrx_word' id='word_1_160' title='bbox 793 1209 994 1256; x_wconf 88' lang='lat' dir='ltr'>ereptum</span> <span class='ocrx_word' id='word_1_161' title='bbox 1032 1211 1109 1243; x_wconf 81' lang='lat' dir='ltr'>est.</span> <span class='ocrx_word' id='word_1_162' title='bbox 1181 1203 1283 1243; x_wconf 89' lang='lat' dir='ltr'>Non</span> <span class='ocrx_word' id='word_1_163' title='bbox 1323 1205 1571 1243; x_wconf 85' lang='lat' dir='ltr'>amicorum.</span> 
     </span>
     <span class='ocr_line' id='line_1_21' title="bbox 103 1259 1573 1315; baseline 0 -17"><span class='ocrx_word' id='word_1_164' title='bbox 103 1261 308 1315; x_wconf 81' lang='lat' dir='ltr'>negotiis,</span> <span class='ocrx_word' id='word_1_165' title='bbox 351 1273 439 1298; x_wconf 90' lang='lat' dir='ltr'>non</span> <span class='ocrx_word' id='word_1_166' title='bbox 482 1261 549 1298; x_wconf 90' lang='lat' dir='ltr'>rei</span> <span class='ocrx_word' id='word_1_167' title='bbox 596 1260 802 1312; x_wconf 78' lang='lat' dir='ltr'>publicae</span> <span class='ocrx_word' id='word_1_168' title='bbox 849 1261 1167 1311; x_wconf 85' lang='lat' dir='ltr'>procuratione</span> <span class='ocrx_word' id='word_1_169' title='bbox 1213 1259 1573 1312; x_wconf 83' lang='lat' dir='ltr'>impediebantur</span> 
     </span>
     <span class='ocr_line' id='line_1_22' title="bbox 105 1314 1571 1370; baseline 0 -15"><span class='ocrx_word' id='word_1_170' title='bbox 105 1318 390 1370; x_wconf 83' lang='lat' dir='ltr'>cogitationes</span> <span class='ocrx_word' id='word_1_171' title='bbox 423 1329 565 1355; x_wconf 88' lang='lat' dir='ltr'>meae:</span> <span class='ocrx_word' id='word_1_172' title='bbox 610 1314 722 1354; x_wconf 88' lang='lat' dir='ltr'>nihil</span> <span class='ocrx_word' id='word_1_173' title='bbox 751 1317 797 1354; x_wconf 90' lang='lat' dir='ltr'>in</span> <span class='ocrx_word' id='word_1_174' title='bbox 828 1316 926 1355; x_wconf 87' lang='lat' dir='ltr'>foro</span> <span class='ocrx_word' id='word_1_175' title='bbox 958 1328 1085 1370; x_wconf 80' lang='lat' dir='ltr'>agere</span> <span class='ocrx_word' id='word_1_176' title='bbox 1115 1316 1298 1356; x_wconf 78' lang='lat' dir='ltr'>libebat:</span> <span class='ocrx_word' id='word_1_177' title='bbox 1344 1314 1571 1369; x_wconf 76' lang='lat' dir='ltr'>adspiceie</span> 
     </span>
    </p>
   </div>
   <div class='ocr_carea' id='block_1_5' title="bbox 103 1428 1576 2766">
    <p class='ocr_par' dir='ltr' id='par_1_5' title="bbox 103 1428 1576 2672">
     <span class='ocr_line' id='line_1_23' title="bbox 103 1428 1569 1477; baseline 0.001 -15"><span class='ocrx_word' id='word_1_178' title='bbox 103 1431 276 1474; x_wconf 76' lang='lat' dir='ltr'>tempor-z,</span> <span class='ocrx_word' id='word_1_179' title='bbox 304 1429 451 1464; x_wconf 80' lang='lat' dir='ltr'>Anlass.</span> <span class='ocrx_word' id='word_1_180' title='bbox 474 1449 520 1454; x_wconf 91' lang='lat'>—</span> <span class='ocrx_word' id='word_1_181' title='bbox 551 1431 727 1463; x_wconf 37' lang='lat' dir='ltr'>scc’Zchet.</span> <span class='ocrx_word' id='word_1_182' title='bbox 742 1428 913 1472; x_wconf 61' lang='grc' dir='ltr'><em>,[ιιενίνΐ.</em></span> <span class='ocrx_word' id='word_1_183' title='bbox 951 1428 1015 1462; x_wconf 85' lang='lat' dir='ltr'>Sic</span> <span class='ocrx_word' id='word_1_184' title='bbox 1041 1428 1151 1461; x_wconf 88' lang='lat' dir='ltr'>Mart.</span> <span class='ocrx_word' id='word_1_185' title='bbox 1158 1429 1264 1477; x_wconf 75' lang='lat' dir='ltr'><strong>-Lag.</strong></span> <span class='ocrx_word' id='word_1_186' title='bbox 1290 1430 1435 1476; x_wconf 84' lang='lat' dir='ltr'>optima</span> <span class='ocrx_word' id='word_1_187' title='bbox 1471 1430 1569 1464; x_wconf 88' lang='lat' dir='ltr'>coni.</span> 
     </span>
     <span class='ocr_line' id='line_1_24' title="bbox 104 1458 1573 1523; baseline 0.001 -12.001"><span class='ocrx_word' id='word_1_188' title='bbox 104 1477 250 1521; x_wconf 75' lang='lat' dir='ltr'>&#39;partim</span> <span class='ocrx_word' id='word_1_189' title='bbox 278 1476 389 1509; x_wconf 84' lang='lat' dir='ltr'>ducta</span> <span class='ocrx_word' id='word_1_190' title='bbox 425 1489 443 1510; x_wconf 91' lang='lat' dir='ltr'>e</span> <span class='ocrx_word' id='word_1_191' title='bbox 472 1479 590 1523; x_wconf 70' lang='lat' dir='ltr'><strong>Maxg.</strong></span> <span class='ocrx_word' id='word_1_192' title='bbox 621 1477 722 1510; x_wconf 77' lang='lat' dir='ltr'>Cxat.</span> <span class='ocrx_word' id='word_1_193' title='bbox 751 1479 837 1510; x_wconf 76' lang='lat' dir='ltr'>licet</span> <span class='ocrx_word' id='word_1_194' title='bbox 869 1489 977 1519; x_wconf 75' lang='lat' dir='ltr'>saepe</span> <span class='ocrx_word' id='word_1_195' title='bbox 1016 1480 1084 1510; x_wconf 75' lang='lat' dir='ltr'>iac.</span> <span class='ocrx_word' id='word_1_196' title='bbox 1116 1458 1274 1520; x_wconf 73' lang='lat' dir='ltr'>fzcetwet</span> <span class='ocrx_word' id='word_1_197' title='bbox 1311 1479 1399 1521; x_wconf 84' lang='lat' dir='ltr'>(sic)</span> <span class='ocrx_word' id='word_1_198' title='bbox 1433 1481 1573 1512; x_wconf 80' lang='lat' dir='ltr'>sczlicet</span> 
     </span>
     <span class='ocr_line' id='line_1_25' title="bbox 153 1524 1572 1570; baseline 0.002 -12.034"><span class='ocrx_word' id='word_1_199' title='bbox 153 1524 318 1569; x_wconf 74' lang='lat' dir='ltr'>‚fuerint</span> <span class='ocrx_word' id='word_1_200' title='bbox 352 1524 423 1558; x_wconf 78' lang='lat' dir='ltr'>Md</span> <span class='ocrx_word' id='word_1_201' title='bbox 461 1526 556 1559; x_wconf 85' lang='lat' dir='ltr'>Vict</span> <span class='ocrx_word' id='word_1_202' title='bbox 587 1529 617 1559; x_wconf 95' lang='grc'>1.</span> <span class='ocrx_word' id='word_1_203' title='bbox 651 1526 790 1558; x_wconf 71' lang='lat' dir='ltr'>Gxaev.</span> <span class='ocrx_word' id='word_1_204' title='bbox 818 1550 826 1558; x_wconf 94' lang='lat'>.</span> <span class='ocrx_word' id='word_1_205' title='bbox 843 1526 1027 1559; x_wconf 73' lang='lat' dir='ltr'>‚scilicet.</span> <span class='ocrx_word' id='word_1_206' title='bbox 1043 1525 1242 1569; x_wconf 76' lang='lat' dir='ltr'>..fuerunt</span> <span class='ocrx_word' id='word_1_207' title='bbox 1275 1527 1392 1570; x_wconf 87' lang='lat' dir='ltr'>Neap.</span> <span class='ocrx_word' id='word_1_208' title='bbox 1429 1527 1510 1561; x_wconf 85' lang='lat' dir='ltr'><strong>Asc.</strong></span> <span class='ocrx_word' id='word_1_209' title='bbox 1539 1530 1572 1561; x_wconf 83' lang='lat'>1.</span> 
     </span>
     <span class='ocr_line' id='line_1_26' title="bbox 104 1572 1570 1617; baseline 0.003 -14"><span class='ocrx_word' id='word_1_210' title='bbox 104 1573 204 1606; x_wconf 83' lang='lat' dir='ltr'>vict.</span> <span class='ocrx_word' id='word_1_211' title='bbox 224 1574 256 1607; x_wconf 83' lang='lat'>2.</span> <span class='ocrx_word' id='word_1_212' title='bbox 285 1572 415 1605; x_wconf 84' lang='lat' dir='ltr'>Lamb.</span> <span class='ocrx_word' id='word_1_213' title='bbox 443 1573 539 1605; x_wconf 81' lang='lat' dir='ltr'>Ern.</span> <span class='ocrx_word' id='word_1_214' title='bbox 567 1573 653 1607; x_wconf 85' lang='lat' dir='ltr'><strong>Sch.</strong></span> <span class='ocrx_word' id='word_1_215' title='bbox 683 1574 776 1605; x_wconf 75' lang='lat' dir='ltr'>Liin.</span> <span class='ocrx_word' id='word_1_216' title='bbox 804 1574 950 1607; x_wconf 71' lang='lat' dir='ltr'>iuczmd.</span> <span class='ocrx_word' id='word_1_217' title='bbox 970 1576 1003 1606; x_wconf 81' lang='lat' dir='ltr'>si</span> <span class='ocrx_word' id='word_1_218' title='bbox 1022 1586 1126 1617; x_wconf 72' lang='lat' dir='ltr'>saepe</span> <span class='ocrx_word' id='word_1_219' title='bbox 1145 1573 1406 1617; x_wconf 78' lang='lat' dir='ltr'>mihifuerunt</span> <span class='ocrx_word' id='word_1_220' title='bbox 1431 1574 1570 1608; x_wconf 85' lang='lat' dir='ltr'>Bened.</span> 
     </span>
     <span class='ocr_line' id='line_1_27' title="bbox 105 1621 1573 1666; baseline 0.001 -11"><span class='ocrx_word' id='word_1_221' title='bbox 105 1622 179 1656; x_wconf 79' lang='grc' dir='ltr'>ΟΒ.</span> <span class='ocrx_word' id='word_1_222' title='bbox 206 1640 253 1645; x_wconf 85' lang='grc'>-</span> <span class='ocrx_word' id='word_1_223' title='bbox 277 1624 457 1666; x_wconf 75' lang='lat' dir='ltr'>gratiora,</span> <span class='ocrx_word' id='word_1_224' title='bbox 486 1621 826 1665; x_wconf 79' lang='lat' dir='ltr'>verpflichtender.</span> <span class='ocrx_word' id='word_1_225' title='bbox 853 1639 900 1644; x_wconf 92' lang='lat'>—</span> <span class='ocrx_word' id='word_1_226' title='bbox 926 1623 1060 1663; x_wconf 72' lang='lat' dir='ltr'>oratio,</span> <span class='ocrx_word' id='word_1_227' title='bbox 1088 1622 1302 1665; x_wconf 61' lang='lat' dir='ltr'>Zuspruch.</span> <span class='ocrx_word' id='word_1_228' title='bbox 1332 1641 1369 1645; x_wconf 88' lang='lat'>——</span> <span class='ocrx_word' id='word_1_229' title='bbox 1408 1625 1573 1656; x_wconf 75' lang='lat' dir='ltr'>auctori-</span> 
     </span>
     <span class='ocr_line' id='line_1_28' title="bbox 105 1668 1574 1715; baseline 0.001 -12"><span class='ocrx_word' id='word_1_230' title='bbox 105 1675 176 1710; x_wconf 80' lang='lat' dir='ltr'>tas,</span> <span class='ocrx_word' id='word_1_231' title='bbox 205 1669 266 1702; x_wconf 80' lang='lat' dir='ltr'>das</span> <span class='ocrx_word' id='word_1_232' title='bbox 293 1668 394 1702; x_wconf 85' lang='lat' dir='ltr'>hohe</span> <span class='ocrx_word' id='word_1_233' title='bbox 422 1668 616 1707; x_wconf 81' lang='lat' dir='ltr'>Ansehen,</span> <span class='ocrx_word' id='word_1_234' title='bbox 642 1670 771 1702; x_wconf 84' lang='lat' dir='ltr'>worin</span> <span class='ocrx_word' id='word_1_235' title='bbox 797 1669 857 1702; x_wconf 90' lang='lat' dir='ltr'>Du</span> <span class='ocrx_word' id='word_1_236' title='bbox 883 1669 943 1702; x_wconf 85' lang='lat' dir='ltr'>bei</span> <span class='ocrx_word' id='word_1_237' title='bbox 971 1670 1048 1702; x_wconf 81' lang='lat' dir='ltr'>mir</span> <span class='ocrx_word' id='word_1_238' title='bbox 1081 1669 1213 1702; x_wconf 82' lang='lat' dir='ltr'>stehst.</span> <span class='ocrx_word' id='word_1_239' title='bbox 1247 1689 1294 1694; x_wconf 92' lang='lat'>—</span> <span class='ocrx_word' id='word_1_240' title='bbox 1332 1668 1451 1715; x_wconf 81' lang='lat' dir='ltr'>Turpe</span> <span class='ocrx_word' id='word_1_241' title='bbox 1478 1674 1574 1704; x_wconf 82' lang='lat' dir='ltr'>enim</span> 
     </span>
     <span class='ocr_line' id='line_1_29' title="bbox 105 1716 1571 1761; baseline 0.001 -10"><span class='ocrx_word' id='word_1_242' title='bbox 105 1730 185 1751; x_wconf 83' lang='lat' dir='ltr'>esse.</span> <span class='ocrx_word' id='word_1_243' title='bbox 213 1729 248 1750; x_wconf 79' lang='lat' dir='ltr'>v.</span> <span class='ocrx_word' id='word_1_244' title='bbox 277 1729 346 1750; x_wconf 83' lang='lat' dir='ltr'>esse</span> <span class='ocrx_word' id='word_1_245' title='bbox 371 1716 444 1750; x_wconf 88' lang='lat' dir='ltr'>del.</span> <span class='ocrx_word' id='word_1_246' title='bbox 471 1717 564 1751; x_wconf 80' lang='lat' dir='ltr'>Liin.</span> <span class='ocrx_word' id='word_1_247' title='bbox 595 1718 669 1752; x_wconf 85' lang='lat' dir='ltr'>OR.</span> <span class='ocrx_word' id='word_1_248' title='bbox 708 1736 750 1742; x_wconf 93' lang='lat'>—</span> <span class='ocrx_word' id='word_1_249' title='bbox 795 1719 836 1761; x_wconf 78' lang='lat' dir='ltr'>Q.</span> <span class='ocrx_word' id='word_1_250' title='bbox 862 1716 1044 1751; x_wconf 71' lang='lat' dir='ltr'>Maximus</span> <span class='ocrx_word' id='word_1_251' title='bbox 1076 1717 1212 1749; x_wconf 86' lang='lat' dir='ltr'>Fabius</span> <span class='ocrx_word' id='word_1_252' title='bbox 1248 1718 1318 1751; x_wconf 83' lang='lat' dir='ltr'>ille</span> <span class='ocrx_word' id='word_1_253' title='bbox 1357 1724 1571 1753; x_wconf 78' lang='lat' dir='ltr'>cunctator.</span> 
     </span>
     <span class='ocr_line' id='line_1_30' title="bbox 104 1764 1573 1812; baseline 0.001 -14"><span class='ocrx_word' id='word_1_254' title='bbox 104 1785 151 1790; x_wconf 91' lang='lat'><strong>—</strong></span> <span class='ocrx_word' id='word_1_255' title='bbox 168 1765 306 1809; x_wconf 76' lang='lat' dir='ltr'>filium,</span> <span class='ocrx_word' id='word_1_256' title='bbox 335 1764 373 1807; x_wconf 97' lang='lat' dir='ltr'>Q.</span> <span class='ocrx_word' id='word_1_257' title='bbox 401 1765 560 1798; x_wconf 85' lang='lat' dir='ltr'>Fabium</span> <span class='ocrx_word' id='word_1_258' title='bbox 587 1766 681 1798; x_wconf 82' lang='lat' dir='ltr'><strong>Max.</strong></span> <span class='ocrx_word' id='word_1_259' title='bbox 710 1768 944 1800; x_wconf 70' lang='lat' dir='ltr'>consularem.</span> <span class='ocrx_word' id='word_1_260' title='bbox 980 1766 1126 1805; x_wconf 77' lang='lat' dir='ltr'>Diese1-‚</span> <span class='ocrx_word' id='word_1_261' title='bbox 1149 1766 1320 1812; x_wconf 78' lang='lat' dir='ltr'>gleiches</span> <span class='ocrx_word' id='word_1_262' title='bbox 1335 1766 1573 1800; x_wconf 80' lang='lat' dir='ltr'>Vornamens</span> 
     </span>
     <span class='ocr_line' id='line_1_31' title="bbox 104 1813 1571 1853; baseline 0.001 -6"><span class='ocrx_word' id='word_1_263' title='bbox 104 1815 176 1847; x_wconf 82' lang='lat' dir='ltr'>mit</span> <span class='ocrx_word' id='word_1_264' title='bbox 201 1813 347 1846; x_wconf 79' lang='lat' dir='ltr'>seinein</span> <span class='ocrx_word' id='word_1_265' title='bbox 376 1813 508 1852; x_wconf 83' lang='lat' dir='ltr'>Vater,</span> <span class='ocrx_word' id='word_1_266' title='bbox 533 1825 615 1846; x_wconf 81' lang='lat' dir='ltr'>war</span> <span class='ocrx_word' id='word_1_267' title='bbox 641 1813 740 1846; x_wconf 85' lang='lat' dir='ltr'>nach</span> <span class='ocrx_word' id='word_1_268' title='bbox 767 1814 850 1846; x_wconf 82' lang='lat' dir='ltr'>Liv.</span> <span class='ocrx_word' id='word_1_269' title='bbox 876 1815 934 1853; x_wconf 66' lang='lat'>2&#39;4,</span> <span class='ocrx_word' id='word_1_270' title='bbox 960 1816 1006 1849; x_wconf 71' lang='lat'>43</span> <span class='ocrx_word' id='word_1_271' title='bbox 1032 1814 1085 1846; x_wconf 85' lang='lat' dir='ltr'>im</span> <span class='ocrx_word' id='word_1_272' title='bbox 1114 1815 1141 1846; x_wconf 90' lang='lat'>1.</span> <span class='ocrx_word' id='word_1_273' title='bbox 1167 1814 1279 1847; x_wconf 83' lang='lat' dir='ltr'>Roms</span> <span class='ocrx_word' id='word_1_274' title='bbox 1301 1816 1369 1848; x_wconf 65' lang='lat'>541</span> <span class='ocrx_word' id='word_1_275' title='bbox 1398 1815 1470 1847; x_wconf 84' lang='lat' dir='ltr'>mit</span> <span class='ocrx_word' id='word_1_276' title='bbox 1494 1813 1571 1849; x_wconf 83' lang='lat' dir='ltr'>rib.</span> 
     </span>
     <span class='ocr_line' id='line_1_32' title="bbox 106 1860 1575 1908; baseline 0 -13"><span class='ocrx_word' id='word_1_277' title='bbox 106 1861 256 1904; x_wconf 85' lang='lat' dir='ltr'>Sempr.</span> <span class='ocrx_word' id='word_1_278' title='bbox 291 1860 490 1894; x_wconf 83' lang='lat' dir='ltr'>Gracchus</span> <span class='ocrx_word' id='word_1_279' title='bbox 529 1861 670 1895; x_wconf 76' lang='lat' dir='ltr'>Consul</span> <span class='ocrx_word' id='word_1_280' title='bbox 704 1873 892 1908; x_wconf 75' lang='lat' dir='ltr'>gewesen.</span> <span class='ocrx_word' id='word_1_281' title='bbox 945 1862 1036 1895; x_wconf 90' lang='lat' dir='ltr'>Sein</span> <span class='ocrx_word' id='word_1_282' title='bbox 1062 1862 1178 1894; x_wconf 78' lang='lat' dir='ltr'>Vater</span> <span class='ocrx_word' id='word_1_283' title='bbox 1214 1861 1314 1895; x_wconf 82' lang='lat' dir='ltr'>hielt</span> <span class='ocrx_word' id='word_1_284' title='bbox 1348 1862 1431 1895; x_wconf 86' lang='lat' dir='ltr'>ihm</span> <span class='ocrx_word' id='word_1_285' title='bbox 1458 1863 1575 1896; x_wconf 82' lang='lat' dir='ltr'>selbst</span> 
     </span>
     <span class='ocr_line' id='line_1_33' title="bbox 105 1908 1574 1949; baseline 0 -7"><span class='ocrx_word' id='word_1_286' title='bbox 105 1911 173 1942; x_wconf 82' lang='lat' dir='ltr'>auf</span> <span class='ocrx_word' id='word_1_287' title='bbox 196 1909 280 1942; x_wconf 77' lang='lat' dir='ltr'>dein</span> <span class='ocrx_word' id='word_1_288' title='bbox 306 1909 406 1942; x_wconf 83' lang='lat' dir='ltr'>Foro</span> <span class='ocrx_word' id='word_1_289' title='bbox 434 1909 494 1942; x_wconf 87' lang='lat' dir='ltr'>die</span> <span class='ocrx_word' id='word_1_290' title='bbox 513 1909 790 1949; x_wconf 79' lang='lat' dir='ltr'>Leichenrede,</span> <span class='ocrx_word' id='word_1_291' title='bbox 819 1909 878 1942; x_wconf 83' lang='lat' dir='ltr'>die</span> <span class='ocrx_word' id='word_1_292' title='bbox 906 1921 948 1943; x_wconf 91' lang='lat' dir='ltr'>er</span> <span class='ocrx_word' id='word_1_293' title='bbox 973 1908 1148 1942; x_wconf 74' lang='lat' dir='ltr'>nachher</span> <span class='ocrx_word' id='word_1_294' title='bbox 1175 1909 1308 1944; x_wconf 83' lang='lat' dir='ltr'>edirte.</span> <span class='ocrx_word' id='word_1_295' title='bbox 1335 1909 1372 1944; x_wconf 89' lang='lat' dir='ltr'>S.</span> <span class='ocrx_word' id='word_1_296' title='bbox 1391 1909 1574 1943; x_wconf 80' lang='lat' dir='ltr'>Plutarch</span> 
     </span>
     <span class='ocr_line' id='line_1_34' title="bbox 106 1956 1574 2001; baseline 0.001 -11"><span class='ocrx_word' id='word_1_297' title='bbox 106 1957 149 1990; x_wconf 88' lang='lat' dir='ltr'>in</span> <span class='ocrx_word' id='word_1_298' title='bbox 175 1957 264 1992; x_wconf 83' lang='lat' dir='ltr'>Fab.</span> <span class='ocrx_word' id='word_1_299' title='bbox 293 1967 322 1988; x_wconf 84' lang='lat' dir='ltr'>e.</span> <span class='ocrx_word' id='word_1_300' title='bbox 350 1958 405 1990; x_wconf 67' lang='lat'><strong>24.</strong></span> <span class='ocrx_word' id='word_1_301' title='bbox 443 1956 520 1990; x_wconf 88' lang='lat' dir='ltr'>Cic.</span> <span class='ocrx_word' id='word_1_302' title='bbox 549 1957 702 1992; x_wconf 83' lang='lat' dir='ltr'>Tuscul,</span> <span class='ocrx_word' id='word_1_303' title='bbox 738 1957 811 1994; x_wconf 89' lang='grc' dir='ltr'>ΙΙΙ,</span> <span class='ocrx_word' id='word_1_304' title='bbox 837 1960 895 1997; x_wconf 81' lang='lat'>28,</span> <span class='ocrx_word' id='word_1_305' title='bbox 923 1960 978 1992; x_wconf 87' lang='lat'>70.</span> <span class='ocrx_word' id='word_1_306' title='bbox 1017 1958 1061 1991; x_wconf 85' lang='lat' dir='ltr'>de</span> <span class='ocrx_word' id='word_1_307' title='bbox 1088 1956 1234 1990; x_wconf 79' lang='lat' dir='ltr'>Senect.</span> <span class='ocrx_word' id='word_1_308' title='bbox 1275 1969 1306 1991; x_wconf 89' lang='lat' dir='ltr'>c.</span> <span class='ocrx_word' id='word_1_309' title='bbox 1334 1960 1368 1999; x_wconf 71' lang='grc'>4,</span> <span class='ocrx_word' id='word_1_310' title='bbox 1405 1959 1432 2001; x_wconf 84' lang='lat'>§.</span> <span class='ocrx_word' id='word_1_311' title='bbox 1462 1962 1507 1993; x_wconf 89' lang='lat'>10</span> <span class='ocrx_word' id='word_1_312' title='bbox 1532 1957 1574 1992; x_wconf 88' lang='lat' dir='ltr'>ff.</span> 
     </span>
     <span class='ocr_line' id='line_1_35' title="bbox 106 2004 1572 2048; baseline 0.001 -11"><span class='ocrx_word' id='word_1_313' title='bbox 106 2005 234 2038; x_wconf 82' lang='lat' dir='ltr'>Valer.</span> <span class='ocrx_word' id='word_1_314' title='bbox 269 2005 363 2037; x_wconf 73' lang='lat' dir='ltr'><strong>Max.</strong></span> <span class='ocrx_word' id='word_1_315' title='bbox 391 2004 458 2045; x_wconf 84' lang='lat' dir='ltr'>IV,</span> <span class='ocrx_word' id='word_1_316' title='bbox 486 2005 515 2046; x_wconf 91' lang='grc' dir='ltr'>Ι,</span> <span class='ocrx_word' id='word_1_317' title='bbox 543 2007 576 2039; x_wconf 91' lang='lat'>5.</span> <span class='ocrx_word' id='word_1_318' title='bbox 617 2023 661 2029; x_wconf 91' lang='lat'>—-</span> <span class='ocrx_word' id='word_1_319' title='bbox 702 2006 742 2039; x_wconf 92' lang='lat' dir='ltr'>L.</span> <span class='ocrx_word' id='word_1_320' title='bbox 770 2004 959 2039; x_wconf 87' lang='lat' dir='ltr'>Aemilius</span> <span class='ocrx_word' id='word_1_321' title='bbox 998 2007 1157 2044; x_wconf 72' lang='lat' dir='ltr'>Paullus,</span> <span class='ocrx_word' id='word_1_322' title='bbox 1196 2004 1263 2048; x_wconf 86' lang='lat' dir='ltr'>qui</span> <span class='ocrx_word' id='word_1_323' title='bbox 1296 2006 1572 2048; x_wconf 83' lang='lat' dir='ltr'>Macedoniam,</span> 
     </span>
     <span class='ocr_line' id='line_1_36' title="bbox 106 2052 1574 2099; baseline 0.001 -13"><span class='ocrx_word' id='word_1_324' title='bbox 106 2053 208 2086; x_wconf 81' lang='lat' dir='ltr'>victo</span> <span class='ocrx_word' id='word_1_325' title='bbox 245 2064 337 2099; x_wconf 82' lang='lat' dir='ltr'>rege</span> <span class='ocrx_word' id='word_1_326' title='bbox 370 2053 492 2093; x_wconf 81' lang='lat' dir='ltr'>Perse,</span> <span class='ocrx_word' id='word_1_327' title='bbox 532 2052 578 2085; x_wconf 86' lang='lat' dir='ltr'>ad</span> <span class='ocrx_word' id='word_1_328' title='bbox 613 2053 822 2097; x_wconf 83' lang='lat' dir='ltr'>imperium</span> <span class='ocrx_word' id='word_1_329' title='bbox 858 2053 1046 2088; x_wconf 78' lang='lat' dir='ltr'>adiunxit.</span> <span class='ocrx_word' id='word_1_330' title='bbox 1085 2053 1264 2086; x_wconf 81' lang='lat' dir='ltr'><strong>MANUT.</strong></span> <span class='ocrx_word' id='word_1_331' title='bbox 1300 2054 1333 2088; x_wconf 89' lang='lat' dir='ltr'>S.</span> <span class='ocrx_word' id='word_1_332' title='bbox 1372 2053 1418 2088; x_wconf 88' lang='lat' dir='ltr'>de</span> <span class='ocrx_word' id='word_1_333' title='bbox 1451 2054 1574 2087; x_wconf 86' lang='lat' dir='ltr'>Amic.</span> 
     </span>
     <span class='ocr_line' id='line_1_37' title="bbox 110 2101 1571 2148; baseline 0.001 -14"><span class='ocrx_word' id='word_1_334' title='bbox 110 2112 141 2134; x_wconf 92' lang='lat' dir='ltr'>c.</span> <span class='ocrx_word' id='word_1_335' title='bbox 168 2102 201 2140; x_wconf 85' lang='lat'>2,</span> <span class='ocrx_word' id='word_1_336' title='bbox 231 2102 262 2141; x_wconf 84' lang='lat'>§.</span> <span class='ocrx_word' id='word_1_337' title='bbox 291 2104 323 2136; x_wconf 85' lang='grc'>9.</span> <span class='ocrx_word' id='word_1_338' title='bbox 351 2118 395 2125; x_wconf 82' lang='lat'>—</span> <span class='ocrx_word' id='word_1_339' title='bbox 421 2106 534 2133; x_wconf 80' lang='lat' dir='ltr'>vester</span> <span class='ocrx_word' id='word_1_340' title='bbox 561 2101 702 2139; x_wconf 73' lang='lat' dir='ltr'>Gallus,</span> <span class='ocrx_word' id='word_1_341' title='bbox 729 2112 866 2145; x_wconf 84' lang='lat' dir='ltr'>nempe</span> <span class='ocrx_word' id='word_1_342' title='bbox 895 2101 936 2142; x_wconf 83' lang='lat' dir='ltr'>is,</span> <span class='ocrx_word' id='word_1_343' title='bbox 976 2102 1042 2145; x_wconf 87' lang='lat' dir='ltr'>qui</span> <span class='ocrx_word' id='word_1_344' title='bbox 1072 2113 1117 2134; x_wconf 86' lang='lat' dir='ltr'>ex</span> <span class='ocrx_word' id='word_1_345' title='bbox 1143 2107 1258 2148; x_wconf 78' lang='lat' dir='ltr'>gente</span> <span class='ocrx_word' id='word_1_346' title='bbox 1284 2101 1460 2146; x_wconf 86' lang='lat' dir='ltr'>Sulpicia</span> <span class='ocrx_word' id='word_1_347' title='bbox 1484 2102 1571 2135; x_wconf 88' lang='lat' dir='ltr'>fuit.</span> 
     </span>
     <span class='ocr_line' id='line_1_38' title="bbox 107 2148 1576 2193; baseline 0.001 -11"><span class='ocrx_word' id='word_1_348' title='bbox 107 2150 206 2183; x_wconf 83' lang='lat' dir='ltr'>Nam</span> <span class='ocrx_word' id='word_1_349' title='bbox 234 2153 288 2181; x_wconf 85' lang='lat' dir='ltr'>est</span> <span class='ocrx_word' id='word_1_350' title='bbox 316 2153 353 2181; x_wconf 85' lang='lat' dir='ltr'>et</span> <span class='ocrx_word' id='word_1_351' title='bbox 378 2148 476 2180; x_wconf 84' lang='lat' dir='ltr'>alius</span> <span class='ocrx_word' id='word_1_352' title='bbox 505 2159 549 2181; x_wconf 80' lang='lat' dir='ltr'>ex</span> <span class='ocrx_word' id='word_1_353' title='bbox 577 2149 741 2192; x_wconf 83' lang='lat' dir='ltr'>Aquilia.</span> <span class='ocrx_word' id='word_1_354' title='bbox 771 2149 990 2182; x_wconf 83' lang='lat' dir='ltr'><strong>ERNESTI.</strong></span> <span class='ocrx_word' id='word_1_355' title='bbox 1043 2148 1083 2182; x_wconf 91' lang='lat' dir='ltr'>C.</span> <span class='ocrx_word' id='word_1_356' title='bbox 1110 2149 1305 2193; x_wconf 84' lang='lat' dir='ltr'>Sulpicius</span> <span class='ocrx_word' id='word_1_357' title='bbox 1327 2150 1476 2190; x_wconf 83' lang='lat' dir='ltr'>Gallus,</span> <span class='ocrx_word' id='word_1_358' title='bbox 1503 2151 1576 2184; x_wconf 81' lang='lat'>588</span> 
     </span>
     <span class='ocr_line' id='line_1_39' title="bbox 108 2195 1574 2241; baseline 0 -11"><span class='ocrx_word' id='word_1_359' title='bbox 108 2195 240 2230; x_wconf 87' lang='lat' dir='ltr'>consul</span> <span class='ocrx_word' id='word_1_360' title='bbox 268 2207 353 2228; x_wconf 87' lang='lat' dir='ltr'>cum</span> <span class='ocrx_word' id='word_1_361' title='bbox 383 2197 427 2228; x_wconf 78' lang='lat' dir='ltr'>M.</span> <span class='ocrx_word' id='word_1_362' title='bbox 457 2196 654 2237; x_wconf 80' lang='lat' dir='ltr'>Marcello,</span> <span class='ocrx_word' id='word_1_363' title='bbox 682 2197 840 2230; x_wconf 75' lang='lat' dir='ltr'>Graecis</span> <span class='ocrx_word' id='word_1_364' title='bbox 868 2197 996 2230; x_wconf 81' lang='lat' dir='ltr'>literis</span> <span class='ocrx_word' id='word_1_365' title='bbox 1034 2202 1070 2229; x_wconf 86' lang='lat' dir='ltr'>et</span> <span class='ocrx_word' id='word_1_366' title='bbox 1108 2197 1278 2230; x_wconf 83' lang='lat' dir='ltr'>eruditus</span> <span class='ocrx_word' id='word_1_367' title='bbox 1318 2203 1355 2231; x_wconf 87' lang='lat' dir='ltr'>et</span> <span class='ocrx_word' id='word_1_368' title='bbox 1389 2198 1574 2241; x_wconf 82' lang='lat' dir='ltr'>eloquens</span> 
     </span>
     <span class='ocr_line' id='line_1_40' title="bbox 107 2243 1574 2285; baseline 0.002 -9"><span class='ocrx_word' id='word_1_369' title='bbox 107 2246 192 2277; x_wconf 81' lang='lat' dir='ltr'>fuit.</span> <span class='ocrx_word' id='word_1_370' title='bbox 234 2244 319 2277; x_wconf 88' lang='lat' dir='ltr'>Vid.</span> <span class='ocrx_word' id='word_1_371' title='bbox 348 2243 452 2275; x_wconf 73' lang='lat' dir='ltr'>Brut..</span> <span class='ocrx_word' id='word_1_372' title='bbox 481 2254 512 2276; x_wconf 88' lang='lat' dir='ltr'>c.</span> <span class='ocrx_word' id='word_1_373' title='bbox 539 2247 597 2279; x_wconf 86' lang='lat'>20.</span> <span class='ocrx_word' id='word_1_374' title='bbox 633 2244 678 2278; x_wconf 89' lang='lat' dir='ltr'>de</span> <span class='ocrx_word' id='word_1_375' title='bbox 707 2245 806 2278; x_wconf 80' lang='lat' dir='ltr'>Orat.</span> <span class='ocrx_word' id='word_1_376' title='bbox 844 2246 873 2285; x_wconf 86' lang='lat' dir='ltr'>I,</span> <span class='ocrx_word' id='word_1_377' title='bbox 902 2247 955 2280; x_wconf 84' lang='lat'>53.</span> <span class='ocrx_word' id='word_1_378' title='bbox 991 2244 1036 2278; x_wconf 86' lang='lat' dir='ltr'>de</span> <span class='ocrx_word' id='word_1_379' title='bbox 1063 2244 1192 2278; x_wconf 87' lang='lat' dir='ltr'><strong>Officc.</strong></span> <span class='ocrx_word' id='word_1_380' title='bbox 1220 2245 1249 2285; x_wconf 91' lang='lat' dir='ltr'>I,</span> <span class='ocrx_word' id='word_1_381' title='bbox 1277 2247 1309 2280; x_wconf 85' lang='grc'>6.</span> <span class='ocrx_word' id='word_1_382' title='bbox 1352 2245 1397 2279; x_wconf 86' lang='lat' dir='ltr'>de</span> <span class='ocrx_word' id='word_1_383' title='bbox 1424 2245 1574 2280; x_wconf 84' lang='lat' dir='ltr'>Senect.</span> 
     </span>
     <span class='ocr_line' id='line_1_41' title="bbox 106 2291 1574 2335; baseline 0.001 -11"><span class='ocrx_word' id='word_1_384' title='bbox 106 2303 138 2325; x_wconf 85' lang='lat' dir='ltr'>c.</span> <span class='ocrx_word' id='word_1_385' title='bbox 169 2295 224 2327; x_wconf 61' lang='lat'>14.</span> <span class='ocrx_word' id='word_1_386' title='bbox 263 2291 397 2335; x_wconf 86' lang='lat' dir='ltr'>Topic.</span> <span class='ocrx_word' id='word_1_387' title='bbox 425 2292 480 2324; x_wconf 86' lang='lat'>12.</span> <span class='ocrx_word' id='word_1_388' title='bbox 533 2292 630 2325; x_wconf 78' lang='lat' dir='ltr'>Orat.</span> <span class='ocrx_word' id='word_1_389' title='bbox 661 2294 827 2327; x_wconf 64' lang='lat' dir='ltr'>[xlm—aen.</span> <span class='ocrx_word' id='word_1_390' title='bbox 855 2296 912 2328; x_wconf 86' lang='lat'>37.</span> <span class='ocrx_word' id='word_1_391' title='bbox 947 2293 1028 2325; x_wconf 89' lang='lat' dir='ltr'>Liv.</span> <span class='ocrx_word' id='word_1_392' title='bbox 1055 2295 1113 2331; x_wconf 59' lang='lat'>42,</span> <span class='ocrx_word' id='word_1_393' title='bbox 1139 2295 1172 2327; x_wconf 89' lang='lat'><strong>3.</strong></span> <span class='ocrx_word' id='word_1_394' title='bbox 1208 2295 1267 2334; x_wconf 69' lang='lat'>45,</span> <span class='ocrx_word' id='word_1_395' title='bbox 1303 2295 1361 2327; x_wconf 61' lang='grc'><strong>[14.</strong></span> <span class='ocrx_word' id='word_1_396' title='bbox 1399 2294 1574 2328; x_wconf 86' lang='lat' dir='ltr'>Duorum</span> 
     </span>
     <span class='ocr_line' id='line_1_42' title="bbox 106 2339 1572 2383; baseline 0.002 -12"><span class='ocrx_word' id='word_1_397' title='bbox 106 2339 279 2373; x_wconf 81' lang='lat' dir='ltr'>filiorum</span> <span class='ocrx_word' id='word_1_398' title='bbox 318 2344 481 2372; x_wconf 85' lang='lat' dir='ltr'>mortem</span> <span class='ocrx_word' id='word_1_399' title='bbox 516 2340 709 2383; x_wconf 79' lang='lat' dir='ltr'>sapienter</span> <span class='ocrx_word' id='word_1_400' title='bbox 743 2341 844 2374; x_wconf 71' lang='lat' dir='ltr'>tulit.</span> <span class='ocrx_word' id='word_1_401' title='bbox 881 2340 965 2373; x_wconf 87' lang='lat' dir='ltr'>Vid.</span> <span class='ocrx_word' id='word_1_402' title='bbox 1002 2340 1047 2373; x_wconf 86' lang='lat' dir='ltr'>de</span> <span class='ocrx_word' id='word_1_403' title='bbox 1084 2341 1208 2374; x_wconf 87' lang='lat' dir='ltr'>Amic.</span> <span class='ocrx_word' id='word_1_404' title='bbox 1243 2352 1273 2374; x_wconf 78' lang='lat' dir='ltr'>c,</span> <span class='ocrx_word' id='word_1_405' title='bbox 1302 2343 1337 2383; x_wconf 84' lang='lat'>2,</span> <span class='ocrx_word' id='word_1_406' title='bbox 1373 2344 1406 2377; x_wconf 82' lang='lat'>9.</span> <span class='ocrx_word' id='word_1_407' title='bbox 1445 2361 1484 2366; x_wconf 93' lang='lat'><strong>—</strong></span> <span class='ocrx_word' id='word_1_408' title='bbox 1523 2342 1572 2375; x_wconf 84' lang='lat' dir='ltr'>M.</span> 
     </span>
     <span class='ocr_line' id='line_1_43' title="bbox 110 2387 1573 2431; baseline -0.001 -10"><span class='ocrx_word' id='word_1_409' title='bbox 110 2389 202 2421; x_wconf 80' lang='lat' dir='ltr'>Cato</span> <span class='ocrx_word' id='word_1_410' title='bbox 229 2387 432 2420; x_wconf 78' lang='lat' dir='ltr'>censorius.</span> <span class='ocrx_word' id='word_1_411' title='bbox 469 2406 515 2411; x_wconf 78' lang='lat'>-—</span> <span class='ocrx_word' id='word_1_412' title='bbox 541 2389 678 2431; x_wconf 74' lang='lat' dir='ltr'>filium,</span> <span class='ocrx_word' id='word_1_413' title='bbox 705 2389 751 2422; x_wconf 62' lang='lat' dir='ltr'>Ca</span> <span class='ocrx_word' id='word_1_414' title='bbox 792 2400 889 2421; x_wconf 69' lang='lat' dir='ltr'>uem</span> <span class='ocrx_word' id='word_1_415' title='bbox 918 2388 1168 2421; x_wconf 82' lang='lat' dir='ltr'>Licinianum</span> <span class='ocrx_word' id='word_1_416' title='bbox 1199 2391 1269 2424; x_wconf 88' lang='lat'>602</span> <span class='ocrx_word' id='word_1_417' title='bbox 1296 2401 1326 2422; x_wconf 86' lang='lat' dir='ltr'>a.</span> <span class='ocrx_word' id='word_1_418' title='bbox 1355 2390 1400 2423; x_wconf 91' lang='lat' dir='ltr'><strong>U.</strong></span> <span class='ocrx_word' id='word_1_419' title='bbox 1429 2400 1461 2424; x_wconf 90' lang='lat' dir='ltr'>c.</span> <span class='ocrx_word' id='word_1_420' title='bbox 1489 2389 1573 2424; x_wconf 79' lang='lat' dir='ltr'>Vid,</span> 
     </span>
     <span class='ocr_line' id='line_1_44' title="bbox 110 2435 1576 2478; baseline 0.001 -9"><span class='ocrx_word' id='word_1_421' title='bbox 110 2435 188 2469; x_wconf 72' lang='lat' dir='ltr'><strong>Cat.</strong></span> <span class='ocrx_word' id='word_1_422' title='bbox 216 2435 304 2470; x_wconf 84' lang='lat' dir='ltr'>mai.</span> <span class='ocrx_word' id='word_1_423' title='bbox 330 2446 359 2468; x_wconf 86' lang='lat' dir='ltr'><strong>e.</strong></span> <span class='ocrx_word' id='word_1_424' title='bbox 387 2437 443 2470; x_wconf 83' lang='lat'>23.</span> <span class='ocrx_word' id='word_1_425' title='bbox 471 2439 500 2476; x_wconf 85' lang='lat'>§.</span> <span class='ocrx_word' id='word_1_426' title='bbox 527 2438 585 2470; x_wconf 69' lang='lat'><strong>8³..</strong></span> <span class='ocrx_word' id='word_1_427' title='bbox 615 2442 649 2469; x_wconf 86' lang='lat' dir='ltr'>et</span> <span class='ocrx_word' id='word_1_428' title='bbox 678 2436 722 2469; x_wconf 89' lang='lat' dir='ltr'>de</span> <span class='ocrx_word' id='word_1_429' title='bbox 752 2436 905 2469; x_wconf 83' lang='lat' dir='ltr'>Amicit.</span> <span class='ocrx_word' id='word_1_430' title='bbox 935 2448 966 2469; x_wconf 89' lang='lat' dir='ltr'>c.</span> <span class='ocrx_word' id='word_1_431' title='bbox 993 2438 1025 2471; x_wconf 86' lang='lat'>2.</span> <span class='ocrx_word' id='word_1_432' title='bbox 1065 2436 1218 2470; x_wconf 85' lang='lat' dir='ltr'>Tuscul.</span> <span class='ocrx_word' id='word_1_433' title='bbox 1246 2437 1272 2470; x_wconf 87' lang='lat' dir='ltr'>l.</span> <span class='ocrx_word' id='word_1_434' title='bbox 1299 2448 1331 2470; x_wconf 91' lang='lat' dir='ltr'>c.</span> <span class='ocrx_word' id='word_1_435' title='bbox 1362 2455 1403 2461; x_wconf 89' lang='lat'><strong>—</strong></span> <span class='ocrx_word' id='word_1_436' title='bbox 1431 2440 1478 2471; x_wconf 82' lang='lat' dir='ltr'>iis</span> <span class='ocrx_word' id='word_1_437' title='bbox 1505 2438 1576 2478; x_wconf 81' lang='lat' dir='ltr'>(his</span> 
     </span>
     <span class='ocr_line' id='line_1_45' title="bbox 107 2483 1575 2529; baseline 0.002 -13"><span class='ocrx_word' id='word_1_438' title='bbox 107 2483 179 2518; x_wconf 78' lang='lat' dir='ltr'>Md,</span> <span class='ocrx_word' id='word_1_439' title='bbox 208 2483 305 2515; x_wconf 77' lang='lat' dir='ltr'>Vict.</span> <span class='ocrx_word' id='word_1_440' title='bbox 335 2484 385 2520; x_wconf 87' lang='lat'>2.)</span> <span class='ocrx_word' id='word_1_441' title='bbox 411 2489 521 2525; x_wconf 77' lang='lat' dir='ltr'>temp.</span> <span class='ocrx_word' id='word_1_442' title='bbox 541 2483 591 2526; x_wconf 89' lang='lat' dir='ltr'><strong>f.,</strong></span> <span class='ocrx_word' id='word_1_443' title='bbox 620 2484 747 2517; x_wconf 83' lang='lat' dir='ltr'>lebten</span> <span class='ocrx_word' id='word_1_444' title='bbox 776 2483 816 2516; x_wconf 90' lang='lat' dir='ltr'>in</span> <span class='ocrx_word' id='word_1_445' title='bbox 843 2483 1001 2518; x_wconf 83' lang='lat' dir='ltr'>solchen</span> <span class='ocrx_word' id='word_1_446' title='bbox 1029 2484 1174 2520; x_wconf 83' lang='lat' dir='ltr'>Zeiten.</span> <span class='ocrx_word' id='word_1_447' title='bbox 1201 2503 1248 2509; x_wconf 92' lang='lat'><em>—</em></span> <span class='ocrx_word' id='word_1_448' title='bbox 1283 2497 1335 2525; x_wconf 77' lang='lat' dir='ltr'>ea,</span> <span class='ocrx_word' id='word_1_449' title='bbox 1361 2497 1482 2529; x_wconf 77' lang='lat' dir='ltr'>quam.</span> <span class='ocrx_word' id='word_1_450' title='bbox 1511 2485 1575 2519; x_wconf 88' lang='lat' dir='ltr'>Sic</span> 
     </span>
     <span class='ocr_line' id='line_1_46' title="bbox 110 2530 1576 2589; baseline 0.003 -27"><span class='ocrx_word' id='word_1_451' title='bbox 110 2532 206 2567; x_wconf 82' lang='lat' dir='ltr'>Vict.</span> <span class='ocrx_word' id='word_1_452' title='bbox 237 2531 330 2565; x_wconf 87' lang='lat' dir='ltr'>coni.</span> <span class='ocrx_word' id='word_1_453' title='bbox 359 2530 448 2575; x_wconf 81' lang='lat' dir='ltr'><strong>Sqq.</strong></span> <span class='ocrx_word' id='word_1_454' title='bbox 475 2532 569 2564; x_wconf 81' lang='lat' dir='ltr'>Edd</span> <span class='ocrx_word' id='word_1_455' title='bbox 598 2537 686 2564; x_wconf 75' lang='lat' dir='ltr'>ante</span> <span class='ocrx_word' id='word_1_456' title='bbox 714 2533 840 2569; x_wconf 75' lang='lat' dir='ltr'>Mart·</span> <span class='ocrx_word' id='word_1_457' title='bbox 826 2532 933 2589; x_wconf 55' lang='lat' dir='ltr'>-Lag</span> <span class='ocrx_word' id='word_1_458' title='bbox 968 2538 1008 2565; x_wconf 76' lang='lat' dir='ltr'>ut</span> <span class='ocrx_word' id='word_1_459' title='bbox 1040 2545 1161 2566; x_wconf 72' lang='lat' dir='ltr'>eorum</span> <span class='ocrx_word' id='word_1_460' title='bbox 1188 2545 1264 2565; x_wconf 77' lang='lat' dir='ltr'>lam</span> <span class='ocrx_word' id='word_1_461' title='bbox 1290 2532 1382 2574; x_wconf 84' lang='lat' dir='ltr'>(sic)</span> <span class='ocrx_word' id='word_1_462' title='bbox 1409 2537 1576 2579; x_wconf 79' lang='lat' dir='ltr'>ipsorum</span> 
     </span>
     <span class='ocr_line' id='line_1_47' title="bbox 110 2579 1575 2626; baseline 0.001 -14"><span class='ocrx_word' id='word_1_463' title='bbox 110 2582 185 2625; x_wconf 68' lang='lat' dir='ltr'><strong>dig.</strong></span> <span class='ocrx_word' id='word_1_464' title='bbox 215 2591 307 2612; x_wconf 80' lang='lat' dir='ltr'>cons.</span> <span class='ocrx_word' id='word_1_465' title='bbox 334 2592 375 2611; x_wconf 75' lang='lat' dir='ltr'>ecc</span> <span class='ocrx_word' id='word_1_466' title='bbox 403 2592 510 2623; x_wconf 73' lang='lat' dir='ltr'>quam</span> <span class='ocrx_word' id='word_1_467' title='bbox 537 2579 610 2612; x_wconf 71' lang='lat' dir='ltr'>Md.</span> <span class='ocrx_word' id='word_1_468' title='bbox 639 2585 678 2612; x_wconf 77' lang='lat' dir='ltr'>ut</span> <span class='ocrx_word' id='word_1_469' title='bbox 705 2592 760 2612; x_wconf 75' lang='lat' dir='ltr'>eos</span> <span class='ocrx_word' id='word_1_470' title='bbox 786 2585 865 2612; x_wconf 74' lang='lat' dir='ltr'>tum</span> <span class='ocrx_word' id='word_1_471' title='bbox 892 2592 1054 2623; x_wconf 69' lang='lat' dir='ltr'>ipsorum</span> <span class='ocrx_word' id='word_1_472' title='bbox 1081 2582 1156 2626; x_wconf 79' lang='lat' dir='ltr'><strong>dig.</strong></span> <span class='ocrx_word' id='word_1_473' title='bbox 1187 2582 1460 2624; x_wconf 74' lang='lat' dir='ltr'>consolaretur3</span> <span class='ocrx_word' id='word_1_474' title='bbox 1496 2587 1575 2615; x_wconf 81' lang='lat' dir='ltr'>tum</span> 
     </span>
     <span class='ocr_line' id='line_1_48' title="bbox 110 2607 1575 2674; baseline 0.002 -14"><span class='ocrx_word' id='word_1_475' title='bbox 110 2641 166 2668; x_wconf 78' lang='lat' dir='ltr'>ea,</span> <span class='ocrx_word' id='word_1_476' title='bbox 204 2640 313 2672; x_wconf 77' lang='lat' dir='ltr'>quam</span> <span class='ocrx_word' id='word_1_477' title='bbox 347 2627 706 2674; x_wconf 63' lang='lat' dir='ltr'>n1art.-1.ap«.c01ii</span> <span class='ocrx_word' id='word_1_478' title='bbox 745 2607 1295 2661; x_wconf 64' lang='lat' dir='ltr'>Sch.Liin.ducta⁰s01-tasse</span> <span class='ocrx_word' id='word_1_479' title='bbox 1329 2639 1348 2661; x_wconf 91' lang='lat' dir='ltr'>e</span> <span class='ocrx_word' id='word_1_480' title='bbox 1376 2628 1498 2663; x_wconf 51' lang='lat' dir='ltr'>Crat:</span> <span class='ocrx_word' id='word_1_481' title='bbox 1534 2634 1575 2663; x_wconf 76' lang='lat' dir='ltr'>ut</span> 
     </span>
    </p>

    <p class='ocr_par' dir='ltr' id='par_1_6' title="bbox 108 2677 1574 2766">
     <span class='ocr_line' id='line_1_49' title="bbox 108 2677 1403 2721; baseline 0.002 -14"><span class='ocrx_word' id='word_1_482' title='bbox 108 2688 165 2709; x_wconf 80' lang='lat' dir='ltr'>eos</span> <span class='ocrx_word' id='word_1_483' title='bbox 191 2681 310 2708; x_wconf 76' lang='lat' dir='ltr'>tamen</span> <span class='ocrx_word' id='word_1_484' title='bbox 339 2677 502 2719; x_wconf 68' lang='lat' dir='ltr'>ipsoram</span> <span class='ocrx_word' id='word_1_485' title='bbox 531 2677 694 2717; x_wconf 63' lang='lat' dir='ltr'>cliwnitas</span> <span class='ocrx_word' id='word_1_486' title='bbox 720 2677 969 2709; x_wconf 69' lang='lat' dir='ltr'>consolaretur</span> <span class='ocrx_word' id='word_1_487' title='bbox 995 2690 1048 2718; x_wconf 78' lang='lat' dir='ltr'>ea,</span> <span class='ocrx_word' id='word_1_488' title='bbox 1082 2688 1190 2721; x_wconf 80' lang='lat' dir='ltr'>quam</span> <span class='ocrx_word' id='word_1_489' title='bbox 1217 2680 1288 2709; x_wconf 86' lang='lat' dir='ltr'>cet.</span> <span class='ocrx_word' id='word_1_490' title='bbox 1329 2677 1403 2710; x_wconf 89' lang='lat' dir='ltr'>OR.</span> 
     </span>
     <span class='ocr_line' id='line_1_50' title="bbox 203 2701 1574 2766; baseline 0.001 -10"><span class='ocrx_word' id='word_1_491' title='bbox 203 2725 234 2757; x_wconf 78' lang='lat'>2.</span> <span class='ocrx_word' id='word_1_492' title='bbox 287 2735 423 2756; x_wconf 71' lang='lat' dir='ltr'>ornam.</span> <span class='ocrx_word' id='word_1_493' title='bbox 452 2726 508 2764; x_wconf 74' lang='lat' dir='ltr'>iis,</span> <span class='ocrx_word' id='word_1_494' title='bbox 546 2701 617 2756; x_wconf 56' lang='lat' dir='ltr'>uid.</span> <span class='ocrx_word' id='word_1_495' title='bbox 645 2723 739 2756; x_wconf 84' lang='lat' dir='ltr'>Vict.</span> <span class='ocrx_word' id='word_1_496' title='bbox 767 2725 797 2758; x_wconf 83' lang='lat'>2.</span> <span class='ocrx_word' id='word_1_497' title='bbox 836 2724 918 2766; x_wconf 65' lang='lat' dir='ltr'>Ins„</span> <span class='ocrx_word' id='word_1_498' title='bbox 958 2724 1044 2758; x_wconf 86' lang='lat' dir='ltr'>iene</span> <span class='ocrx_word' id='word_1_499' title='bbox 1081 2722 1335 2758; x_wconf 86' lang='lat' dir='ltr'>ehrenvollen</span> <span class='ocrx_word' id='word_1_500' title='bbox 1368 2724 1574 2760; x_wconf 84' lang='lat' dir='ltr'>Auszeich-</span> 
     </span>
    </p>
   </div>
   <div class='ocr_carea' id='block_1_6' title="bbox 0 0 42 3081">
    <p class='ocr_par' dir='ltr' id='par_1_7' title="bbox 0 0 42 3081">
     <span class='ocr_line' id='line_1_51' title="bbox 0 0 42 3081; baseline 0 0"><span class='ocrx_word' id='word_1_501' title='bbox 0 0 42 3081; x_wconf 95' lang='lat' dir='ltr'> </span> 
     </span>
    </p>
   </div>
  </div>
 </body>
</html>
