1795 3081
243 98 339 145 180
505 93 570 142 M.
605 93 658 141 T.
695 89 1041 142 CICERONIS
1075 90 1457 142 EPISTOLAE.

240 228 400 272 magno
430 227 564 268 opere
593 227 619 254 a
648 222 692 255 te
714 227 889 268 quaeso,
918 220 970 253 ut
998 212 1054 252 ad
1083 226 1178 253 eam
1194 214 1486 264 voluntatem,
1515 214 1553 251 si
1576 226 1706 266 quam

241 274 287 311 in
318 273 447 310 illum
478 277 578 310 ante
608 271 685 310 has
714 284 832 309 meas
862 271 1015 309 literas
1046 270 1289 319 contulisti,
1332 282 1461 320 quam
1490 270 1707 308 maximus

199 323 384 381 3potest
414 340 510 365 mea
540 325 919 365 commendatione
950 325 1150 363 cumulus
1188 322 1380 362 accedat.
1450 322 1528 363 Sin
1558 330 1704 363 autem

241 389 426 435 propter
454 380 765 420 verecundiam
798 393 920 419 suam
951 381 1095 418 minus
1124 393 1169 419 se
1199 380 1281 418 tibi
1311 379 1475 417 obtulit
1503 384 1580 417 aut
1595 391 1704 417 non-

240 437 343 476 dum
374 449 474 475 eum
502 438 608 475 satis
635 437 767 477 habes
806 437 1031 491 cognitum
1069 441 1146 474 aut
1182 447 1292 487 quae
1334 447 1465 472 causa
1499 439 1578 483 est,
1624 446 1705 472 cur

240 492 424 530 maioris
455 491 848 532 commendationis
879 490 1101 546 indigeat:
1140 491 1204 528 sic
1242 490 1325 529 tibi
1356 502 1454 528 eum
1485 501 1704 528 commen·
1781 507 1787 546 2

239 546 311 597 (lo,
343 553 393 585 ut
422 560 562 600 neque
590 548 760 585 maiore
794 545 939 585 studio
978 558 1239 598 quemquam
1269 557 1410 597 neque
1442 545 1704 583 iustioribus

239 601 293 641 de
324 603 465 641 causis
504 601 811 641 commendare
849 602 1025 653 possim.
1084 602 1343 652 Faciamque
1378 597 1439 649 id,
1481 598 1599 651 quod
1628 598 1703 638 de·
1778 624 1781 627 »

238 658 344 696 bent
374 659 520 696 facere
549 658 598 707 ii,
643 658 718 709 qui
756 656 966 711 religiose
1005 662 1049 695 et
1086 657 1179 695 sine
1214 656 1454 694 ambitione
1485 667 1703 694 commen-

239 711 357 752 dant.
429 711 663 765 Spondebo
695 713 811 750 enim
842 713 925 750 tibi
964 712 1036 750 vel
1074 712 1220 764 potius
1251 709 1444 763 spondeo
1474 710 1520 747 in
1550 722 1706 762 meque

239 768 425 820 recipio,
457 780 530 806 eos
566 780 657 806 esse
686 766 761 806 Μ’.
793 767 920 807 Curii
958 780 1104 806 mores
1134 779 1315 818 eamque
1344 778 1476 817 quum
1507 766 1705 817 probita-

238 829 342 873 tem,
371 829 465 861 tum
495 823 629 861 etiam
658 821 992 872 humanitatem,
1034 828 1085 861 ut
1123 835 1222 860 eum
1260 827 1304 860 et
1333 821 1528 859 amicitia
1557 826 1632 859 tua
1661 826 1706 860 et

237 884 328 917 tam
357 884 564 917 accurata
594 876 989 927 commendatione,
1019 878 1057 915 si
1086 877 1170 915 tibi
1199 877 1256 914 sit
1275 877 1492 931 cognitus,
1521 874 1705 930 dignum

238 934 297 971 sis
328 933 672 972 existimaturus.
730 931 849 971 Mihi
881 938 1002 971 certe
1032 932 1332 987 gratissimum
1362 932 1534 982 feceris,
1567 931 1605 968 si
1634 931 1702 968 in·
1779 914 1783 984 ὁ

237 987 454 1027 tellexero
484 988 561 1027 has
599 988 754 1026 literas
791 993 979 1037 tantum,
1024 992 1236 1040 quantum
1273 985 1470 1027 scribens
1511 984 1701 1026 confide·
1779 987 1782 1061 ἶ

1778 1072 1781 1125 ὲ

1776 1132 1780 1159 ³

1773 1162 1780 1300 i

238 1042 353 1094 bam,
383 1041 501 1096 apud
530 1049 574 1084 te
603 1042 775 1097 pondus
804 1042 1022 1082 habuisse.

269 1203 592 1255 EPISTOLA
628 1205 1071 1257 CCCCLXXXVI.
1129 1205 1214 1266 (ad
1247 1206 1359 1255 Div.
1395 1204 1531 1253 XIII.
1568 1203 1669 1262 18.)

549 1293 630 1329 scr.
660 1294 798 1328 Romae
825 1293 867 1332 A.
895 1296 942 1330 U.
972 1294 1013 1329 e.
1039 1297 1122 1331 708.
1168 1299 1217 1338 (a,
1247 1295 1287 1330 c.
1314 1296 1389 1337 46.)

238 1364 389 1398 Gratias
415 1364 506 1411 agit,
539 1365 643 1408 quod
669 1365 813 1410 optima
850 1367 891 1399 in
925 1366 1097 1400 Atticum
1130 1368 1330 1401 voluntate
1363 1366 1422 1407 sit,
1457 1376 1572 1410 quem
1609 1363 1700 1397 dum

238 1412 500 1447 commendari
539 1412 633 1445 dicit
666 1424 817 1448 necesse
852 1426 930 1448 non
969 1426 1060 1457 esse,
1105 1426 1148 1448 eo
1184 1416 1264 1460 ipso
1298 1414 1410 1448 valde
1444 1411 1702 1456 commendat,

305 1471 380 1506 quo
406 1459 565 1495 Servius
590 1460 787 1506 Sulpicius
814 1462 849 1496 ei
876 1474 999 1506 neque
1025 1462 1067 1495 in
1093 1463 1304 1507 Epiroticis
1329 1473 1453 1507 neque
1478 1462 1519 1495 in
1544 1460 1629 1494 aliis

778 1510 890 1544 rebus
917 1511 1024 1547 desit.
1059 1513 1164 1546 1—2.

732 1580 911 1616 CICERO
946 1582 1120 1617 SERVIO
1156 1582 1192 1618 S.

344 1650 448 1691 Non
477 1651 730 1703 concedam,
759 1659 810 1692 ut
832 1653 980 1693 Attico
1010 1661 1180 1705 nostro,
1212 1668 1339 1707 quem
1370 1655 1535 1694 elatum
1568 1654 1695 1694 laeti·
1738 1662 1743 1665 “

234 1706 297 1748 tia
325 1707 436 1757 vidi,
466 1707 754 1746 iucundiores
782 1715 885 1748 tuae
914 1712 1170 1750 suavissime
1201 1710 1255 1749 ad
1286 1724 1383 1750 eum
1409 1716 1451 1750 et
1472 1710 1695 1748 humanis·
1743 1745 1746 1750 .

232 1764 342 1802 sime
371 1763 560 1815 scriptae
590 1763 749 1802 literae
779 1765 947 1804 fuerint
975 1779 1104 1817 quam
1145 1766 1268 1805 mihi.
1326 1765 1440 1804 Nam
1470 1767 1553 1805 etsi
1580 1766 1695 1805 utri-

233 1831 317 1870 que
346 1819 547 1857 nostrun]
577 1830 716 1870 prope
747 1831 883 1872 aeque
923 1826 1072 1860 wratae
1113 1827 1268 1860 erant:
1312 1827 1458 1860 tamen
1500 1833 1580 1876 ego
1618 1820 1694 1859 ad—

231 1873 429 1912 mirabar
456 1886 594 1927 magis
624 1879 681 1923 te,
724 1887 814 1926 qui,
862 1876 898 1914 si
920 1852 1117 1931 ”rogatus
1156 1882 1233 1915 aut
1270 1883 1390 1916 certe
1429 1875 1694 1927 admonitus,

230 1992 295 2021 aut
321 1987 451 2030 aliqua
478 1986 665 2034 dignitate
692 1990 937 2023 antecedentes
960 2001 1192 2024 veneramur
1218 1995 1255 2023 et
1282 1989 1453 2024 colimus.
1471 2009 1518 2015 --
1543 1991 1693 2031 volunt„

229 2035 516 2071 Wohlwollen.
543 2054 591 2059 ——
617 2049 727 2080 quam
752 2041 933 2071 maximus
955 2039 1327 2083 potest...cumulus‚
1353 2037 1560 2087 moglichst
1586 2048 1692 2086 gros-

233 2094 295 2117 ser
321 2081 520 2116 Zuwachs.
558 2082 594 2118 S.
622 2084 774 2118 Ramsh.
805 2084 834 2126 §.
863 2087 944 2127 156,
970 2089 1005 2121 3.
1041 2086 1188 2119 Grotef.
1218 2090 1247 2128 §.
1276 2089 1358 2122 282.

325 2133 360 2164 3.
416 2131 699 2173 Sin...0l1tulz't‚
735 2133 849 2167 sollte
883 2146 926 2167 er
950 2134 1038 2167 aber
1063 2146 1202 2177 weffen
1237 2135 1305 2168 der
1342 2134 1425 2167 ihm
1453 2131 1691 2182 eigenthiim-

229 2175 366 2212 lichen
391 2177 712 2213 Bescheidenheit
738 2180 819 2213 sich
854 2182 911 2215 bei
937 2182 1011 2214 Dir
1047 2173 1157 2215 nicHt
1194 2182 1454 2231 eingefunden
1485 2182 1615 2216 haben.
1642 2201 1690 2207 —

229 2232 296 2259 ant
321 2227 353 2258 si
380 2239 469 2271 quae
496 2228 643 2274 (Margo
673 2228 772 2262 Crat.
802 2229 930 2263 Lamb.
958 2235 1021 2262 aut
1046 2234 1079 2264 si
1105 2232 1192 2276 qua)
1218 2243 1326 2265 causa
1352 2236 1415 2273 est,
1451 2230 1543 2264 oder
1576 2230 1689 2264 sollte

228 2274 313 2308 sich
347 2274 432 2307 eine
465 2274 634 2308 Ursache
666 2276 809 2310 finden.
848 2277 884 2311 S.
912 2275 1060 2312 Ramsh.
1088 2279 1115 2322 ξ).
1145 2281 1223 2320 190,
1250 2282 1284 2320 3,
1312 2279 1340 2312 *.
1378 2279 1524 2313 Grotef.
1551 2279 1578 2322 §.
1606 2280 1689 2313 406.-

227 2342 274 2347 —-
300 2325 341 2365 ii,
375 2321 448 2354 Md.
485 2322 584 2355 Vict.
612 2327 644 2357 1.
671 2325 703 2358 2.
739 2324 789 2357 Izi.
828 2344 876 2350 —
920 2328 1039 2370 relig,
1076 2327 1358 2374 gewissenhaft.
1397 2345 1444 2352 —
1474 2331 1550 2360 sine
1576 2328 1687 2368 amb„

230 2370 332 2411 ohne
363 2369 655 2418 selbstsiichtige
687 2372 860 2409 Griinde.
899 2392 946 2398 —
984 2376 1022 2407 in
1048 2387 1170 2420 meque
1195 2377 1343 2420 recipio,
1377 2374 1455 2407 und
1481 2374 1623 2408 nehme
1650 2385 1688 2408 es

230 2419 302 2451 auf
319 2418 436 2452 mich.
464 2436 508 2442 —
535 2419 660 2453 Ueber
685 2434 750 2466 que
775 2434 801 2454 s.
830 2420 979 2456 Ramsh.
1008 2425 1038 2464 ς.
1067 2425 1147 2464 179,
1173 2422 1214 2465 Β,
1244 2426 1276 2459 1.
1303 2442 1350 2447 —
1382 2429 1461 2456 tam
1486 2435 1620 2464 accur„
1646 2433 1687 2455 SO

229 2463 597 2500 nachdriicklichen.
625 2486 671 2491 —
696 2471 729 2501 si
752 2471 825 2502 tibi
848 2473 898 2503 sit
924 2483 1039 2515 cogn„
1066 2470 1193 2503 sobald
1220 2483 1262 2504 er
1287 2471 1357 2504 Dir
1381 2471 1501 2505 n'aher
1521 2469 1687 2505 bekannt

227 2514 310 2548 sein
336 2513 451 2547 wird.
482 2532 522 2539 -
550 2516 732 2560 confideh„
760 2517 836 2549 mir
860 2517 1164 2552 zuversichtlich
1190 2518 1411 2564 versprach.

301 2585 492 2619 SERVIO.
530 2585 564 2621 S.
592 2599 639 2618 zu
667 2599 721 2632 ep.
750 2588 947 2623 CCCLXV
973 2590 1026 2622 im
1051 2590 1135 2625 Ans.
1163 2602 1198 2624 u.
1226 2591 1301 2623 ‹len
1327 2591 1452 2639 vorig.
1480 2591 1596 2624 Brief.

326 2637 358 2667 1.
411 2636 546 2667 elatum
571 2636 729 2675 lezetz‘tz'd,
755 2648 826 2669 vor
852 2638 1000 2671 Frende
1027 2638 1275 2685 ausgelassen.
1294 2657 1341 2663 ———
1366 2641 1581 2672 admirabar
1604 2651 1683 2672 ma·
1744 2643 1745 2646 ’

228 2681 287 2725 gis
313 2682 605 2725 teumlttulissc,
633 2694 671 2716 so
697 2685 943 2719 bowunderte
970 2685 1033 2718 ich
1062 2685 1159 2719 doch
1186 2686 1287 2720 noch
1314 2687 1426 2720 mehr
1444 2687 1498 2720 als
1522 2698 1576 2723 er,
1603 2687 1683 2720 (lass

230 2728 572 2777 Du2..angeb0tcn
606 2729 757 2768 hattest.
791 2752 837 2758 —
884 2737 947 2781 qui
976 2745 1023 2768 Ξ
1059 2745 1175 2780 quum
1211 2740 1264 2777 tu,
1296 2738 1339 2771 si.
1374 2735 1438 2770 Sic
1472 2735 1683 2770 rectissime
